2460 3848
142 155 185 221 26
450 154 629 209 CAPITVLA
647 154 713 209 LIB.
733 155 778 209 XL
797 155 849 209 XII

198 317 260 383 XV
288 319 338 384 De
362 317 563 383 ‘ludibundo'
587 323 619 383 et
642 317 846 383 ‘errabundo'
868 323 966 402 atque
988 318 1022 382 id
1046 340 1149 403 genus

130 409 304 473 verborum
321 408 600 491 productionibus;
622 412 654 471 et
672 408 759 492 quod
777 407 932 472 Laberius
951 406 998 471 sic
1017 407 1153 471 ‘amora-

131 498 284 562 hundam'
313 497 408 579 dixit,
435 500 473 560 ut
500 497 617 561 dicitur
646 496 845 561 ‘ludibunda'
874 501 906 560 ct
933 495 1153 579 ‘errabunda'3

131 590 229 669 atque
247 586 336 669 inibi,
355 587 443 670 quod
458 584 591 650 Sisenna
610 608 668 669 per
683 585 905 650 huiuscemodi
918 585 1052 650 verbum
1066 606 1153 649 nova

131 676 237 760 figura
259 696 336 739 usus
360 680 416 740 est.

198 770 276 837 XVI
308 771 401 848 Quod
425 771 616 837 Graecorum
645 773 817 837 verborum
842 772 1044 855 quorundam
1069 773 1154 836 diffi-

134 862 254 927 cillima
281 865 331 926 est
357 863 392 925 in
420 861 569 927 Latinam
596 862 742 947 linguam
769 862 920 944 mutatio,
947 863 1036 925 velut
1064 862 1153 944 quod

131 949 255 1015 Graece
278 951 395 1015 dicitur
417 951 733 1035 πολυπραγμοσύνη.

197 1046 291 1113 XVH
323 1047 408 1124 Quid
435 1049 595 1135 significet
617 1049 652 1113 in
674 1048 836 1113 veteribus
859 1051 1044 1132 praetorum
1067 1048 1153 1112 edic-

130 1138 189 1201 tis:
213 1138 282 1221 ‘qui
303 1137 441 1202 flumina
463 1138 596 1202 retanda
619 1138 749 1221 publice
771 1138 937 1221 redempta
959 1136 1101 1200 hahent?

196 1232 304 1300 XVIII
342 1235 412 1313 Qua
444 1259 546 1320 poena
576 1236 682 1300 Draco
714 1234 917 1300 Atheniensis
949 1234 982 1298 in
1013 1234 1152 1319 legibus,

131 1345 210 1408 quas
242 1327 437 1409 populct
392 1323 598 1390 Athensiensi
631 1325 772 1408 scripsit,
806 1325 893 1388 fures
922 1323 1087 1406 adfecerit3
1120 1328 1153 1388 et

131 1435 195 1497 qua
222 1419 296 1498 post
298 1437 334 1478 ea
282 1412 531 1498 tSo;lont
499 1418 531 1478 et
559 1435 623 1497 qua
650 1415 729 1479 item
756 1413 927 1477 decemviri
949 1413 1065 1495 nostri,
1094 1414 1152 1496 qui

130 1504 298 1568 duodecim
325 1503 452 1567 tabulas
480 1504 689 1586 scripserunt3
718 1506 815 1586 atque
838 1502 919 1565 inibi
942 1502 1150 1585 adscriptum,

131 1592 218 1675 quod
237 1615 300 1675 apu
301 1589 469 1677 tt'Aegyp
461 1613 509 1655 ros
528 1591 614 1655 furta
632 1592 722 1655 licita
743 1596 776 1656 et
794 1592 949 1675 permissa
968 1594 1051 1674 sunt,
1071 1596 1151 1674 aput

130 1681 400 1746 Lacedaemonios
424 1684 531 1744 autem
555 1701 629 1743 cum
652 1680 760 1744 studio
784 1701 913 1763 quoque
936 1680 1151 1745 adfectatat
1118 1685 1151 1765 et

129 1791 189 1853 pro
217 1770 368 1833 exercitio
397 1770 471 1832 utili
499 1769 671 1853 celebrata3
699 1791 737 1833 ac
764 1773 928 1852 praeterea
955 1767 997 1832 M.
1018 1766 1151 1833 Catonis

132 1859 171 1922 de
193 1858 380 1941 poeniendis
403 1857 498 1922 furtis
522 1858 619 1942 digna
642 1859 797 1922 memoria
821 1858 987 1922 sententia.

299 2082 538 2156 OAPITVLA
564 2084 695 2156 LIBRI
722 2083 987 2156 DVODECIMI

194 2221 211 2286 Ι
235 2219 426 2287 Dissertatio
446 2222 597 2288 Favorini
620 2223 815 2307 philosophi,
839 2243 903 2305 qua
926 2224 1028 2287 suasit
1045 2224 1151 2288 nobili

130 2312 277 2393 feminae,
299 2313 349 2376 uti
371 2312 499 2395 liberos,
523 2334 604 2396 quos
623 2313 808 2396 peperisset,
830 2333 897 2376 non
914 2313 1077 2376 nutricum
1097 2314 1151 2377 ad-

130 2399 315 2482 hibitorum,
339 2402 395 2465 sed
417 2423 476 2465 suo
501 2402 563 2465 sibi
585 2402 669 2465 lacte
692 2403 799 2465 aleret.

195 2485 349 2574 H'Quod
372 2496 523 2563 Annaeus
543 2497 664 2562 Seneca
686 2498 831 2562 iudicans
856 2500 894 2562 de
914 2497 950 2574 Q.
966 2497 1073 2564 Ennio
1099 2501 1152 2564 de·

130 2606 192 2669 que
214 2586 256 2650 M.
276 2586 384 2651 Tullio
406 2589 471 2651 levi
493 2587 659 2670 futtilique
682 2589 801 2651 iudicio
823 2588 894 2651 fuit.

196 2682 244 2748 ΙΠ
271 2684 409 2749 Lictoris
432 2684 626 2750 vocabulum
650 2706 711 2768 qua
736 2672 861 2750 ratione
884 2690 1075 2769 conceptum
1101 2708 1150 2750 or-

130 2781 265 2857 tumque
289 2774 344 2856 sit3
367 2776 400 2837 et
422 2795 519 2856 super
541 2795 579 2837 eo
599 2774 741 2838 diversae
760 2775 937 2838 sententiae
955 2773 1054 2860 Valgi
1073 2774 1150 2839 Rufi

128 2862 271 2928 etium
294 2862 430 2926 Tironis.

194 2959 242 3024 IV
273 2957 394 3023 Versus
422 2961 545 3043 accepti
573 2983 613 3024 ex
637 2959 672 3036 Q
693 2959 780 3025 Enni
808 2965 879 3045 sept
880 2962 946 3027 imo
974 2962 1150 3044 annalium,

132 3050 250 3132 quibus
277 3048 463 3150 depingitur
485 3050 690 3151 finiturque
682 3051 847 3152 ingenium
871 3051 1069 3134 comitasque
1092 3050 1151 3115 ho-

131 3138 227 3202 minis
250 3138 384 3201 minoris
408 3160 484 3223 erga
507 3139 646 3203 amicum
669 3141 874 3223 superiorem.

195 3232 228 3299 V
255 3232 366 3299 Sermo
392 3233 490 3300 Tauri
512 3235 699 3320 philosophi
722 3238 760 3302 de
784 3238 880 3301 modo
904 3241 1001 3321 atque
1023 3238 1151 3304 ratione

131 3325 289 3388 tolerandi
313 3324 432 3388 doloris
456 3326 631 3390 secundum
655 3324 837 3391 Stoicorum
862 3327 996 3391 decreta

195 3418 242 3486 VI
265 3420 315 3487 De
338 3423 526 3509 aenigmate.

68 3500 96 3631 ι
187 3516 253 3582 VII
270 3518 377 3598 Quam
399 3521 480 3588 obt·
464 3543 596 3589 causam
612 3519 668 3589 Cn.
680 3522 855 3589 Doiaheha
870 3524 1043 3607 proconsul
1060 3545 1150 3587 ream
