2460 3848
129 184 192 247 102
603 184 628 236 Π
648 189 662 236 ⁷

82 365 114 413 13
124 346 311 431 parendum,
334 347 489 427 quaedam
510 368 577 408 non
596 347 844 427 obsequendum.
888 342 949 408 Sed
968 367 1005 408 ea
1023 349 1141 426 tamen,

126 457 207 519 quae
232 435 365 517 obsequi
388 456 455 498 non
478 439 615 516 oportet,
637 435 752 498 leniter
770 437 803 497 et
821 434 998 497 verecunde
1017 454 1053 496 ec
1073 434 1141 496 sine

125 524 335 587 detestatione
358 522 458 586 nimie
481 524 612 605 sineque
636 522 885 605 obprobratione
907 523 1019 586 acerba
1037 543 1141 603 repre-

124 613 288 676 hensionis
312 611 499 675 declinendu
522 613 640 675 sensim
661 614 693 674 et
715 610 925 693 relinquenda
943 632 1012 675 esse
1030 610 1141 673 dicunt

126 722 222 783 quam
245 699 431 782 respuendo.
1169 728 1181 767 s

81 807 114 855 14
191 786 362 852 Conclusio
394 811 468 852 vero
501 787 571 870 illc,
608 810 672 870 que
705 787 881 872 colligitur,
918 788 1013 852 sicuti
1045 809 1141 869 supra

125 877 246 940 dictum
269 881 331 959 est,
357 877 440 940 nihil
464 879 549 960 petri
571 876 761 960 parendum,
788 876 964 960 inperfecta
986 880 1035 939 est
1056 875 1140 938 refu-

82 983 114 1032 15
124 966 249 1048 torique
273 987 310 1029 ac
334 965 414 1029 dilui
436 967 483 1030 sio
505 969 625 1049 potest:
652 963 780 1048 Omnia,
804 986 886 1047 quae
908 966 942 1029 in
964 965 1060 1029 robus
1083 964 1141 1026 hu-

124 1056 227 1118 menis
250 1056 346 1136 fiunt,
369 1056 414 1118 ita
437 1058 474 1118 ut
496 1055 584 1118 docti
606 1057 807 1136 censuerunt,
830 1058 885 1116 aut
907 1055 1043 1117 honeste
1066 1056 1141 1116 sunt

81 1149 180 1211 locut
207 1145 321 1226 turpis.
371 1141 458 1218 Quae
486 1165 544 1206 sue
570 1143 604 1206 ri
629 1147 716 1206 recte
743 1147 799 1206 aut
825 1142 961 1206 honeste
989 1145 1077 1223 sunt,
1104 1145 1141 1204 ut
1156 1172 1182 1209 ιο

127 1231 220 1295 fidem
244 1232 357 1313 colere,
379 1233 517 1314 petriam
539 1231 717 1313 defendere,
740 1235 777 1294 ut
800 1232 919 1293 amicos
939 1231 1081 1315 diligere,
1104 1251 1141 1292 es

82 1339 114 1387 17
125 1320 195 1384 fieri
219 1324 354 1403 oportet,
378 1321 445 1384 sire
468 1321 605 1403 imperet
627 1324 719 1403 pstor
741 1320 808 1382 sive
828 1340 895 1382 non
912 1321 1060 1403 imperet,
1084 1317 1141 1381 sed

126 1430 206 1491 quoe
225 1410 276 1472 his
296 1410 454 1472 contraria
473 1430 618 1492 quaeque
636 1409 753 1491 turpia,
777 1409 908 1472 omnino
927 1409 1038 1490 iniqua
1057 1410 1141 1488 sunt,

81 1516 113 1563 18
125 1519 162 1560 ee
188 1520 228 1560 ne
257 1499 284 1560 si
312 1498 448 1581 imperet
476 1497 613 1579 quidem.
658 1496 748 1572 Quae
775 1517 850 1560 vero
879 1496 913 1560 in
936 1495 1041 1560 medio
1066 1499 1141 1558 sunt

124 1590 156 1648 et
188 1609 207 1648 e
235 1583 362 1648 Graecis
394 1589 463 1648 tum
495 1584 591 1667 μέσα,
625 1589 695 1648 tum
728 1584 895 1669 ἀδιάφορα
927 1583 1140 1668 appellentur,
1156 1613 1181 1652 15

123 1678 160 1737 ut
178 1675 213 1736 in
231 1674 381 1736 militiam
399 1673 455 1755 ire,
474 1695 529 1736 rus
548 1672 661 1755 colere,
679 1672 817 1737 honores
837 1695 1010 1756 capessere,
1028 1694 1139 1736 causes

125 1762 301 1843 defendere,
319 1783 452 1825 uxorem
469 1761 592 1844 ducere,
610 1766 647 1825 ut
661 1763 783 1826 iussum
797 1762 967 1845 proficisci,
986 1766 1022 1825 ut
1036 1782 1140 1824 accer-

124 1851 222 1913 situm
245 1851 362 1932 venire,
388 1851 540 1932 quonium
564 1855 596 1913 et
619 1851 698 1914 haec
721 1852 826 1914 ethis
849 1851 968 1914 similis
991 1872 1047 1933 per
1070 1871 1140 1913 sese

123 1939 194 2021 ipse
216 1960 320 2020 neque
342 1939 478 2002 honeste
499 1942 576 2002 sunt
598 1960 702 2023 neque
724 1941 841 2023 turpia,
864 1939 929 2021 sed
951 1937 1085 2021 proinde
1103 1942 1141 2001 ut

124 2049 142 2089 e
160 2027 254 2091 nobis
273 2031 421 2111 aguntur,
440 2028 486 2091 ita
504 2029 582 2110 ipsis
602 2027 781 2092 actionibus
801 2031 857 2091 eut
875 2026 1040 2110 probanda
1056 2027 1140 2089 fiunt
1156 2056 1183 2094 m

124 2119 179 2179 cut
192 2116 463 2198 reprehendenda:
477 2121 647 2200 propterea
661 2117 696 2179 in
709 2117 867 2180 eiusmodi
878 2116 1022 2179 omnium
1031 2137 1139 2178 rerum

124 2205 294 2289 generibus
312 2206 398 2288 petri
416 2205 592 2288 parendum
607 2227 675 2268 esse
691 2209 829 2286 censent,
848 2204 949 2268 veluti
963 2205 991 2268 si
1005 2225 1139 2266 uxorem

80 2294 237 2358 19ducere
260 2295 396 2376 imperet
419 2298 474 2357 eut
497 2315 608 2359 causes
627 2316 685 2376 pro
704 2294 767 2357 reis
785 2293 900 2357 dicere.
941 2291 1033 2368 Quod
1053 2293 1140 2356 enim

123 2386 295 2464 utrumque
327 2383 362 2444 in
393 2404 508 2466 genere
540 2383 612 2465 ipso
644 2404 702 2464 per
732 2404 802 2446 sese
833 2403 938 2464 neque
967 2383 1140 2445 honestum

123 2492 227 2553 neque
249 2475 344 2552 turpe
368 2474 425 2552 est,
448 2470 576 2552 idcirco,
599 2471 627 2534 si
647 2474 739 2553 pater
757 2471 874 2552 iubeat,
899 2469 1139 2552 obsequendum
1156 2498 1183 2537 25

79 2563 180 2623 coest.
232 2557 294 2622 Sed
326 2559 411 2621 enim
444 2559 472 2622 si
504 2559 640 2641 imperet
671 2580 805 2623 uxorem
835 2560 950 2622 ducere
977 2558 1141 2640 infamem,

123 2647 367 2730 propudiosam,
395 2648 599 2711 criminosam
626 2651 683 2710 aut
708 2669 766 2731 pro
789 2669 844 2710 reo
869 2645 1008 2710 Catilina
1030 2647 1140 2728 aliquo

123 2738 180 2798 aut
202 2734 329 2799 Tubulo
358 2738 413 2798 eut
436 2734 470 2798 P.
490 2733 602 2799 Clodio
632 2756 759 2799 causam
783 2736 902 2818 dicere,
928 2758 995 2799 non
1016 2733 1141 2799 scilicet

123 2823 309 2906 parendum,
324 2824 475 2905 quoniam
490 2824 659 2888 accedente
667 2825 776 2906 aliquo
786 2824 996 2907 turpitudinis
1005 2845 1140 2887 numero

124 2913 273 2976 desinunt
301 2933 369 2974 esse
396 2934 454 2995 per
476 2934 545 2976 sose
567 2913 646 2976 haec
669 2912 774 2976 medie
797 2917 893 2995 atque
916 2912 1139 2976 indifferentia.
1156 2941 1183 2980 eo

79 2999 200 3064 nlNon
218 3020 294 3084 ergo
314 3001 440 3084 integra
458 3005 507 3065 est
524 3002 703 3084 propositio
724 3001 899 3066 dicentium
919 3002 987 3064 ‘aut
1005 3001 1141 3065 honeste

126 3135 339 3142 ——.-.

198 3213 282 3276 lsqq.
303 3207 378 3261 Stob.
394 3209 420 3263 fl.
437 3214 527 3278 ‘19‚52
543 3209 592 3278 (IH
605 3228 632 3278 p.
648 3215 691 3276 98,
707 3215 741 3263 14
751 3211 799 3279 Μ.)

196 3409 211 3456 3
240 3404 444 3458 detrectatione
467 3403 524 3458 Ru.
541 3407 546 3474 Ι
562 3402 717 3458 DEPREH.
737 3408 813 3475 ΔΙΙ4
837 3405 1035 3459 declinandum
1057 3405 1140 3477 1²¹vy

114 3475 316 3540 reliquendum
326 3475 435 3547 ΔΡἫΙ
446 3480 479 3528 15
494 3474 720 3531 ΜΕΟὰΤὰΔΙὰΦ.
731 3482 778 3528 PV
788 3493 856 3532 corr.
865 3493 882 3535 ς
891 3476 901 3548 ll
911 3480 943 3529 19
959 3475 1109 3530 inhonesta
1121 3497 1142 3529 ω

50 3530 172 3624 'vm
195 3547 241 3611 all
249 3551 288 3598 28
307 3546 385 3621 (L.)
403 3546 517 3603 Tubulo
530 3549 651 3621 Lipsius
664 3550 676 3620 ll
689 3553 723 3602 31
743 3548 895 3602 dicendum
907 3567 927 3599 o
946 3562 1046 3604 curce
