2460 3848
488 175 693 231 PRAEFATIO
1033 175 1097 229 XIX

85 350 140 414 rit.
162 367 197 406 ex
224 349 366 408 Varronis
392 347 576 422 disciplinis,
608 346 660 421 qui
689 346 765 404 liber
792 345 914 404 affertur
941 346 972 404 in
1000 349 1098 421 capite

85 438 221 512 sequenti
248 437 386 511 aliisque,
412 437 457 494 ita
479 435 522 493 VI
543 436 585 494 13.
610 439 640 494 et
664 438 703 494 22
729 433 841 494 Gellius
864 434 937 495 duce
959 454 1030 494 usus
1053 438 1098 494 est

85 527 184 584 Verrii
211 526 287 585 libro
315 526 350 584 de
374 525 505 586 obscuris
529 523 662 598 Catonis,
690 527 743 600 qni
765 524 888 600 affertur
910 524 996 582 XVII
1016 525 1044 598 6,
1068 528 1098 583 εν

85 617 112 674 X
141 615 160 672 8
192 619 223 674 et
250 617 268 674 9
304 615 439 673 hortulos
475 633 543 673 suos
579 614 719 691 irrigavit
753 632 787 673 ex
818 614 900 672 fonte
933 611 1096 687 catoniano

86 705 200 778 eodem,
227 705 279 780 qui
305 703 373 762 fluit
394 703 438 760 VI
457 705 486 776 4,
507 703 534 760 5.
580 703 735 778 Nusquam
760 722 830 762 vero
853 702 900 777 fit,
928 706 1006 762 certe
1029 722 1097 762 nus-

86 811 174 868 quam
197 793 318 870 probari
340 795 440 868 potest
458 791 588 851 Gellium
610 810 665 851 sua
681 794 852 850 mutuatum
871 811 933 851 esse
953 811 987 850 ex
1006 794 1096 869 scrip·

85 887 148 940 tore
163 902 232 942 ¹non
255 883 292 940 ab
315 884 380 958 ipso
403 883 494 941 semel
517 882 565 940 vel
586 881 749 940 identidem
773 882 939 952 nominato,
979 880 1097 940 Abeant

84 973 176 1048 igitur
190 966 278 1031 ¹certe
300 969 431 1030 Cornelii
452 971 578 1046 Epicadi
600 974 631 1029 et
653 969 771 1030 Octavii
793 970 891 1044 Aviti,
916 969 1005 1029 abeat
1026 988 1096 1028 vero

84 1063 174 1119 etiam
201 1061 278 1120 liber
300 1059 422 1119 Asconii
449 1062 552 1119 contra
578 1060 789 1119 obtrectatores
813 1052 985 1140 Vergilii1),
1014 1061 1096 1118 cuius

82 1152 114 1208 in
133 1148 304 1211 Ciceronem
326 1151 571 1208 commentarium
590 1146 702 1208 Gellius
721 1148 777 1206 XV
792 1149 878 1221 28,4
901 1167 961 1206 non
983 1149 1041 1208 nisi
1062 1167 1096 1206 ex

83 1238 224 1306 Suetonio
252 1240 350 1311 novit,
378 1238 466 1296 abeat
487 1237 602 1295 Plinius
630 1237 666 1296 de
688 1235 778 1295 dubio
801 1255 942 1296 sermone.
988 1235 1095 1305 Quam·

83 1347 173 1403 quam
200 1331 232 1386 in
259 1328 306 1386 his
333 1345 379 1385 res
406 1326 497 1402 paulo
525 1326 613 1385 aliter
640 1345 671 1384 se
694 1326 793 1384 habet.
838 1326 917 1384 Nam
939 1326 987 1384 lex
1008 1326 1095 1384 modo

82 1420 197 1476 statuta
219 1437 292 1474 num
315 1416 544 1491 ascriptoribus
563 1417 654 1474 etiam
673 1414 711 1473 ad
730 1433 832 1473 eorum
850 1415 967 1492 singula
985 1416 1096 1490 scripta

82 1507 238 1564 transferri
264 1506 371 1581 possit,
398 1508 443 1563 ita
470 1507 505 1562 ut
531 1523 568 1562 ne
593 1506 704 1580 scripta
727 1503 846 1579 quidem
870 1505 1022 1579 scriptoris
1044 1522 1096 1562 uo-⁴

81 1597 202 1668 minati,
234 1594 285 1653 sed
316 1613 375 1652 non
406 1596 472 1670 ipsa
503 1595 657 1652 nominata
685 1593 783 1653 fontes
810 1591 1000 1669 proponenda
1027 1594 1096 1666 sint,

82 1684 193 1742 dubito.
246 1682 331 1742 Certe
363 1701 398 1742 ea
428 1702 533 1743 norma
564 1701 624 1742 non
655 1683 736 1742 eadit
766 1685 799 1740 in
827 1681 916 1742 Gellii
948 1681 1095 1756 aequales,

81 1792 207 1848 quorum
235 1772 326 1832 libros
353 1791 421 1831 raro
449 1771 549 1847 affert,
580 1791 668 1849 saepe
695 1775 827 1848 usurpat.
879 1770 928 1831 Sic
953 1770 1096 1829 Favorini

82 1863 271 1937 appellantur
303 1862 373 1920 libri
400 1861 600 1939 Πυρρωνείων
629 1859 759 1939 τρόπων,
790 1861 856 1920 laus
884 1860 1037 1920 Thersitae
1065 1863 1096 1918 et

82 1951 185 2025 febris,
213 1943 390 2031 nusquam²)
419 1954 565 2027 apparent
589 1952 729 2027 graviora
751 1945 1042 2027 ἀπομνημονεύματα
1065 1952 1096 2007 εν

81 2036 255 2115 παντοδαπὴ
279 2031 431 2120 ἱστορίαθ),
455 2058 581 2114 quorum
603 2041 704 2098 tamen
727 2056 797 2114 opes
819 2057 880 2097 non
900 2041 1014 2113 spretas
1032 2057 1095 2096 esse

83 2129 279 2195 certissimum
307 2131 365 2200 est,
391 2147 445 2186 nec
467 2128 626 2186 Frontonis
654 2131 684 2185 εν
705 2126 832 2186 Herodis
854 2119 981 2207 aanor)
1004 2127 1095 2185 libros

84 2218 236 2273 aversatus
269 2216 326 2287 est,
359 2233 432 2288 quos
464 2216 543 2274 viros
571 2219 672 2273 tamen
698 2232 758 2272 non
784 2216 843 2273 nisi
869 2215 1024 2289 loquentes
1050 2217 1095 2272 in·

84 2302 179 2375 ducit3
205 2303 278 2360 item
302 2301 425 2361 Calvisii
447 2303 539 2360 Tauri
566 2304 792 2363 commentarios
814 2302 931 2378 laudat,
960 2303 1096 2361 adhibuit

84 2390 214 2457 eiusdem
238 2387 305 2469 περὶ
326 2398 379 2468 τῆς
401 2387 550 2462 ἀπαθείας
572 2397 631 2449 τῶν
654 2393 789 2450 Στοϊνῶν
811 2391 869 2449 XII
889 2393 917 2465 5,
945 2394 998 2468 qui
1020 2393 1098 2451 liber

84 2481 207 2538 fortasse
231 2483 308 2539 tecte
330 2478 479 2540 indicatur
501 2482 533 2538 in
552 2477 572 2555 ξ
591 2481 621 2554 5,
645 2483 675 2539 εν
696 2476 762 2557 περὶ
785 2479 927 2558 σωμάτων
949 2478 999 2540 καὶ
1017 2478 1094 2542 ἀσω-

82 2567 182 2645 μάτων
208 2569 237 2625 V
259 2571 312 2644 153
337 2570 376 2627 16
405 2569 448 2628 IX
468 2570 495 2628 5.
546 2569 658 2629 Eadem
688 2589 735 2628 res
764 2574 809 2629 est
834 2573 867 2629 in
892 2572 1000 2646 prioris
1028 2574 1095 2630 aevi

81 2658 282 2735 scriptoribus,
305 2659 356 2718 sed
378 2659 670 2734 paucissimis3nam
693 2678 751 2734 quo
772 2659 802 2717 Π
823 2662 861 2718 11
887 2661 1013 2719 referam
1036 2663 1094 2720 nisi

154 2920 179 2987 1)
197 2916 229 2972 Id
247 2916 366 2971 fortasse
384 2918 554 2972 concedatur
571 2917 602 2971 in
620 2917 660 2972 eis
679 2918 828 2986 capitibus,
848 2935 921 2988 quae
936 2919 1026 2973 Probo
1046 2920 1094 2972 de-

80 2989 189 3055 bentur,
210 2988 370 3042 Asconiana
387 2989 491 3053 inesse·
515 3005 581 3042 nam
599 2988 728 3057 Berytius
746 2990 867 3043 Asconio
886 3007 953 3042 usus
972 2991 1015 3042 est
1032 2990 1091 3060 (cfr

80 3057 164 3112 Probi
187 3059 236 3127 qui
259 3058 362 3114 dicitur
385 3029 661 3128 commdntariump.
682 3066 706 3126 7,
727 3059 797 3125 7X,
821 3061 845 3114 si
866 3077 930 3114 cum
947 3060 1045 3115 Iahnio
1065 3064 1094 3114 et

79 3129 235 3184 Ribbeckio
258 3130 362 3200 proleg.
387 3130 424 3184 ad
446 3131 529 3214 Verg.
553 3149 580 3200 p.
602 3136 653 3184 164
675 3131 824 3186 nonnullas
847 3132 930 3185 huius
955 3147 1092 3186 commen-

79 3202 146 3255 tarii
163 3203 257 3284 partes
277 3218 310 3256 ex
328 3201 441 3270 Berytio
461 3202 597 3272 originem
616 3202 716 3257 ducere
735 3202 911 3272 consentias).

152 3275 178 3341 2)
196 3272 251 3326 nisi
270 3273 308 3326 ad
325 3273 403 3343 prius
422 3272 525 3326 alludit
542 3272 567 3325 X
583 3279 625 3339 12,
642 3277 665 3326 9.

78 3414 89 3466 l
151 3343 273 3412 3)Haeo
295 3344 469 3413 inscriptio
461 3362 492 3397 1n
510 3314 686 3412 praefatione
704 3349 720 3397 8
740 3343 799 3397 sine
818 3344 930 3398 nomine
949 3344 1091 3413 scriptoris

91 3431 106 3469 e
129 3415 190 3468 tur

106 3433 137 3484 gl
150 3489 177 3556 4)
150 3484 264 3543 4Eius
281 3485 368 3540 libros
386 3483 471 3556 κηρία
490 3481 609 3559 (καίρια)
628 3488 660 3542 et
677 3482 857 3559 eurialum
852 3503 893 3538 111
904 3480 1008 3549 praet
1017 3485 1041 3526 a
1057 3478 1128 3523 em

78 3556 219 3625 designari
235 3559 327 3625 putat
337 3556 432 3633 Horta.

947 3630 995 3682 b*
