2460 3848
131 166 174 231 58
589 165 685 230 1738

89 357 91 361 ·
132 352 207 394 non
229 334 376 393 terrore
399 329 508 410 belli,
531 327 595 392 sed
617 327 773 391 consilii
797 328 998 391 celeritate
1020 327 1141 409 expli-

132 419 243 484 cavit.
288 417 333 482 At
361 418 388 481 si
416 417 593 501 ‘explicuit’
622 417 754 498 diceret,
781 416 957 499 inperfecto
986 420 1018 480 et
1044 415 1142 479 debili

132 529 265 572 numero
288 507 459 570 verborum
483 528 580 570 sonus
603 506 771 570 clauderet.

131 780 256 834 Historia
274 781 304 833 in
322 779 402 833 libris
417 779 538 833 Sotionis
556 778 718 848 philosophi
733 782 844 848 reperta
858 794 941 847 super
955 777 1041 832 Laide
1054 792 1143 830 mere·
1169 790 1182 830 5

405 851 475 905 trice
495 853 523 905 et
541 849 728 904 Demosthene
746 849 865 904 rhetore.

106 970 119 1019 1
199 950 336 1017 Sotion
363 975 402 1016 ex
429 953 637 1035 peripatetica
661 951 829 1034 disciplina
851 951 930 1014 haut
953 972 1028 1014 sane
1051 949 1142 1034 igno·

132 1043 205 1106 bilis
237 1043 287 1105 vir
317 1041 387 1105 fuit.
437 1039 468 1104 Is
497 1041 617 1104 librum
644 1041 763 1104 multae
792 1041 960 1122 variaeque
988 1039 1140 1102 historiae

131 1131 283 1195 refertum
311 1130 492 1213 composuit
519 1151 655 1212 eumque
683 1130 845 1213 inscripsit
871 1128 986 1213 κέρας
1008 1126 1141 1212 Ἀμαλ-

105 1223 251 1296 aestas.
301 1219 349 1282 Ea
376 1241 440 1283 vox
468 1220 530 1283 hoc
557 1219 656 1283 ferme
684 1221 783 1300 valet,
810 1223 974 1300 tamquam
1003 1218 1030 1280 si
1055 1217 1141 1280 dIcas
1156 1241 1181 1279 10

131 1309 276 1374 ‘cornum
301 1307 439 1392 Copiae’.

104 1414 120 1462 3
197 1397 236 1462 In
262 1420 300 1461 eo
328 1398 412 1461 libro
440 1419 535 1481 super
557 1396 813 1460 Demosthene
838 1396 966 1459 rhetore
989 1399 1021 1459 et
1044 1394 1141 1458 Laide

130 1488 295 1551 meretrice
322 1487 457 1550 historia
484 1486 564 1549 haec
591 1486 709 1569 scripta
732 1489 792 1549 est:
821 1484 918 1548 ‘Lais'
942 1485 1048 1566 inquit
1071 1481 1141 1547 ‘Oo-

130 1577 249 1641 rinthia
277 1575 318 1639 ob
342 1576 533 1659 elegantiam
557 1578 820 1656 venustatemque
843 1574 964 1637 formae
988 1573 1141 1658 grandem

130 1665 298 1748 pecuniam
331 1664 525 1745 demerebat,
557 1666 795 1745 conventusque
823 1662 864 1725 ad
891 1685 961 1725 eam
989 1663 1141 1727 ditiorum
1156 1687 1180 1726 15

129 1754 297 1817 hominum
326 1775 365 1815 ex
393 1753 480 1815 omni
504 1750 635 1816 Graecia
662 1751 802 1816 celebres
830 1755 934 1834 erant,
961 1773 1064 1833 neque
1088 1751 1140 1814 ad-

130 1842 330 1924 mittebatur,
355 1841 418 1904 nisi
441 1841 497 1924 qui
520 1840 625 1923 dabat,
648 1840 734 1922 quod
757 1845 961 1923 poposcerat3
988 1841 1141 1923 poscebat

103 1935 237 1995 sautem
269 1931 325 1994 illa
357 1931 492 1993 nimium
520 1929 697 2012 quantum?
747 1928 832 1994 Hinc
860 1930 906 1994 ait
932 1934 1044 1993 natum
1072 1950 1140 1992 esse

129 2019 211 2083 illud
232 2019 382 2102 frequens
405 2020 491 2103 apud
514 2017 650 2083 Graecos
673 2019 837 2103 adagium:

174 2109 219 2174 οὐ
241 2109 386 2184 παντὸς
409 2107 553 2193 ἀνδρὸς
577 2107 614 2183 ἐς
632 2109 838 2192 Κόρινθον
861 2106 943 2173 ἔσθ’
964 2106 982 2172 ὁ
1005 2110 1140 2188 πλοῦς,
1155 2132 1180 2170 ao

85 2248 88 2253 .
130 2198 217 2281 quod
234 2198 352 2262 frustra
370 2198 432 2262 iret
451 2195 640 2261 Corinthum
659 2198 699 2260 ad
717 2196 859 2279 Laidem,
877 2198 933 2279 qui
951 2218 1017 2259 non
1034 2196 1141 2278 quiret

103 2288 217 2369 adare,
245 2286 331 2370 quod
356 2290 548 2370 posceretur.
595 2284 658 2349 ‘Ad
680 2287 763 2350 hanc
786 2287 840 2350 ille
862 2284 1140 2349 Demosthenes

129 2378 310 2441 clanculum
333 2375 400 2440 adit
427 2380 472 2458 et,
504 2381 541 2440 ut
568 2375 629 2439 sibi
657 2377 783 2458 copiam
811 2376 861 2438 sui
887 2374 1019 2456 faceret,
1049 2375 1139 2456 petit.

129 2464 174 2529 At
201 2465 275 2529 Lais
302 2468 422 2549 μυρίας
450 2465 596 2549 δραχμὰς
622 2464 792 2547 poposcit’,
822 2465 885 2528 hoc
911 2463 989 2527 facit
1015 2463 1140 2526 nummi

103 2555 280 2618 anostratis
305 2554 469 2617 denarium
493 2554 601 2617 decem
624 2554 722 2616 milia.
766 2552 848 2616 ‘Tali
871 2553 1048 2636 petulantia
1072 2574 1139 2615 mu·
1155 2575 1180 2615 ss

128 2643 215 2706 lieris
243 2647 339 2724 atque
367 2643 520 2724 pecumae
548 2642 767 2725 magnitudine
795 2643 877 2706 ictus
901 2640 1139 2725 expavidusque

129 2731 405 2796 Demosthenes
424 2731 579 2795 avertitur
597 2735 629 2794 et
648 2730 811 2794 discedens
831 2730 915 2815 ‘ego’
934 2731 1040 2812 inquit
1054 2729 1139 2813 <pae-

129 2821 230 2884 nitere
253 2821 336 2884 tanti
358 2842 424 2883 non
446 2819 551 2882 emo’.'
598 2816 660 2882 Sed
685 2817 804 2883 Graeca
826 2820 911 2902 ipsa,
933 2840 1014 2901 quae
1037 2819 1140 2883 fertur

129 2910 260 2992 dixisse,
286 2909 442 2992 lepidiora
470 2912 556 2973 sunt:
586 2908 658 2973 ‘oda
686 2908 845 2992 ὠνοῦμαι’
869 2909 975 2991 inquit
998 2908 1139 2993 ‘poploe

129 2999 285 3082 δραχμῶν
308 2997 541 3081 μεταμέλειαν’.
1153 3022 1180 3061 co

201 3179 233 3225 12
244 3189 303 3242 sqq.
323 3172 408 3225 Macr.
423 3172 449 3225 Π
465 3179 489 3239 2,
505 3179 536 3226 11
556 3172 656 3225 Athen.
671 3171 736 3223 XIII
750 3175 784 3224 54
797 3190 824 3239 p.
841 3176 904 3225 588ο
923 3171 1007 3225 Anah.
1021 3171 1070 3225 lat.
1086 3176 1137 3225 892

128 3242 213 3297 schol.
225 3243 308 3296 Arist.
319 3243 392 3296 Plut.
404 3250 455 3296 149
464 3263 491 3312 p.
503 3249 554 3297 548
564 3244 596 3297 D.
679 3248 713 3296 20
732 3242 832 3296 Zenob.
843 3242 911 3297 Ver
922 3243 1019 3312 Apost.
1030 3242 1094 3295 XIII
1104 3247 1138 3295 60

127 3314 185 3368 ihd.
200 3314 463 3369 Leutsch-Schneid.
483 3315 622 3386 (Pa-Acro
641 3314 706 3367 Hor.
721 3329 764 3383 ep.
780 3315 849 3380 117,
865 3317 909 3383 36)

133 3438 135 3443 7
193 3482 215 3527 2
240 3475 394 3544 explicavit
416 3475 556 3546 P3V¹l5
579 3473 728 3528 Phocionis
751 3476 793 3542 Pl}
809 3481 840 3527 11
867 3490 953 3528 cornu
974 3477 1068 3542 Vl2⁶
1091 3490 1138 3529 ex-

98 3543 283 3612 paritnsqne
295 3547 423 3604 Colerr'us
429 3551 442 3620 11
453 3553 485 3603 28
499 3565 562 3604 emo
573 3545 630 3602 huc
639 3551 758 3616 usque?
768 3546 812 3600 od.
823 3546 907 3601 Hoste
917 3562 961 3612 op.
969 3545 1040 3599 usu.
1047 3563 1075 3613 p.
1084 3549 1138 3599 219
