2460 3848
80 160 125 224 34
367 158 546 214 CAPITVer
564 158 630 212 LIB.
650 157 722 212 XVI.
742 157 818 211 XVII

147 321 225 386 XIV
263 321 355 398 Quod
387 320 429 385 M.
456 319 535 386 Cato
569 322 694 385 differre
728 320 808 384 dixit
840 319 1035 404 ‘properare'
1068 324 1103 384 et

81 411 270 493 ‘festinare'3
293 415 325 474 et
349 432 445 494 quam
469 410 672 474 incommode
693 409 825 473 Verrius
844 407 978 473 Flaccus
1000 408 1102 491 verbi,

80 501 168 583 quod
191 503 240 563 cst
264 499 426 580 ‘festinat'‚
450 502 572 582 ἔτυμον
595 499 822 582 interpretatus
846 499 896 561 sit.

147 586 210 652 XV
234 586 317 663 Quid
336 586 576 671 Theophrastus
600 588 717 650 mirum
741 587 780 650 de
801 587 983 670 perdicibus
1002 587 1102 669 scrip-

82 682 152 741 tum
176 677 343 759 reliquerit
366 681 398 739 et
421 677 498 759 quid
522 675 751 760 Theopompus
775 675 813 739 de
836 675 1009 758 leporibus.

148 764 226 829 XVI
260 763 445 850 ‘Agrippas'
474 788 492 828 a
515 769 626 848 partus
650 765 739 850 aegri
761 767 794 827 et
817 765 997 848 inprosperi
1020 764 1102 826 vitio

81 855 275 938 appellatos,
303 854 405 936 deque
432 853 483 917 his
512 854 644 935 deabus,
674 875 754 936 quae
781 856 937 916 vocantur
960 851 1103 916 ‘Prorsa'

53 1013 56 1019 ,
82 947 114 1007 et
138 942 337 1007 ‘Postuerta'.

147 1029 243 1096 XVII
271 1029 359 1106 Quae
382 1031 464 1093 ratio
488 1029 637 1094 vocabuli
661 1031 703 1094 sit
726 1031 796 1114 agri
819 1027 976 1093 Vaticani.

148 1117 259 1184 XVIII
295 1119 416 1204 Lepida
448 1119 603 1202 quaedam
636 1122 669 1182 et
700 1122 879 1182 memoratu
907 1121 939 1181 et
967 1117 1103 1201 cognitu

81 1210 120 1273 de
148 1213 239 1293 parte
266 1208 473 1293 geometriae,
501 1229 582 1290 quae
605 1205 722 1289 ὀπτικὴ
746 1208 940 1291 apchatur,
968 1206 1102 1269 etitem

81 1299 157 1381 alia,
195 1319 276 1380 quae
313 1299 483 1379 κανονική,
520 1300 552 1360 et
585 1297 680 1360 tertia
712 1295 837 1376 itidem,
870 1316 951 1378 quae
984 1294 1105 1357 dicitnr

82 1389 226 1538 “CUMIICI
254 1472 390 1557 Sumpta
413 1472 548 1536 historia
571 1495 610 1537 ex
629 1472 787 1536 Herodoti
809 1473 893 1536 libro
918 1493 1014 1555 super
1031 1472 1103 1535 fidi-

81 1565 152 1628 cine
175 1561 303 1626 Arione.

187 1775 427 1849 CAPITVLA
454 1774 586 1848 LIBRI
615 1774 809 1848 SEPTIMI
835 1773 1004 1847 DECIMI

147 1914 164 1978 Ι
188 1913 281 1990 Quod
296 1911 406 1977 Gallus
420 1913 552 1978 Asinius
568 1919 600 1978 et
613 1914 750 2000 Largius
763 1913 894 1977 Licinus
910 1915 1104 1978 sententiam

81 2005 123 2067 M.
149 2002 310 2067 Ciceronis
338 2002 612 2086 reprehendemnt
639 2026 678 2067 ex
708 2004 865 2085 oratione,
895 2025 991 2085 quam
1020 2003 1104 2067 dixit

82 2115 141 2176 pro
165 2091 207 2156 M.
228 2090 350 2175 Caeli03
374 2095 406 2156 et
430 2092 507 2175 quid
530 2092 681 2156 adversus
704 2091 852 2156 homiues
876 2092 1104 2155 stolidissimos

84 2204 142 2265 pro
167 2182 277 2245 eadem
301 2181 459 2244 sententia
482 2202 569 2244 mere
593 2181 753 2266 digneque
776 2181 839 2243 dici
862 2181 973 2263 possit.

148 2268 180 2333 H
212 2269 320 2334 Verba
348 2269 504 2350 quaedam
532 2292 576 2333 ex,
602 2268 636 2345 Q.
663 2267 776 2333 Claudi
803 2270 967 2332 annalium
995 2269 1103 2352 primo

84 2360 203 2422 cursim
227 2358 261 2421 in
284 2359 420 2442 legendo
444 2361 563 2421 notata.

148 2445 195 2510 ΙΠ
220 2444 328 2510 Verba
346 2445 388 2509 M.
408 2444 563 2510 Varronis
587 2468 625 2510 ex
648 2446 732 2510 libro
757 2445 870 2529 quinto
894 2450 926 2509 et
948 2446 1102 2509 vicesimo

81 2535 305 2617 humanarum,
329 2535 446 2617 quibus
471 2538 582 2598 contra
606 2534 790 2618 opinionem
809 2535 986 2620 volgariam
1006 2535 1104 2598 inter-

82 2627 227 2706 pretatus
250 2626 300 2686 est
322 2622 457 2686 Homeri
480 2644 616 2686 versum.

149 2710 196 2774 IV
221 2710 305 2787 Quid
323 2709 497 2774 Menander
519 2714 615 2794 poeta
633 2709 816 2774 Philemoni
839 2715 953 2794 poetae
977 2711 1104 2794 dixerit,

82 2822 101 2862 a
139 2822 203 2884 quo
242 2822 336 2883 saepe
372 2800 503 2884 indigne
537 2799 572 2861 in
604 2799 831 2863 certaminibus
865 2800 1103 2864 comoediarum

82 2892 334 3041 spperatupflcgm
353 2892 385 2951 et
404 2887 489 3039 qqod
504 2888 689 3040 saqpissimte
703 2887 874 2972 Euripides
889 2890 924 2951 in
937 2889 1104 2973 tragoedia

81 2999 101 3040 a
147 2999 224 3062 rgno
274 2998 346 3039 rus
370 2999 473 3060 poers
497 2997 601 3040 vrcus
625 2999 681 3040 es.

150 3065 181 3128 V
204 3064 417 3148 Nequaquam
437 3087 506 3129 esse
519 3087 640 3147 verum,
660 3066 747 3148 quod
760 3065 893 3128 minutis
908 3065 1103 3148 quibusdam

82 3154 262 3218 rhetoricae
290 3154 466 3217 artificibus
494 3154 653 3234 videatur,
680 3153 722 3217 M.
743 3151 928 3217 Ciceronem
952 3154 987 3216 in
1008 3154 1105 3238 libro,

82 3263 179 3324 quem
204 3242 242 3306 de
263 3242 404 3306 amicitia
423 3243 559 3326 scripsit,
582 3243 699 3306 vitioso
718 3247 908 3327 argumento
927 3264 1023 3306 usum
1043 3242 1104 3324 ἀμ-

83 3332 355 3415 φισβητούμενον
373 3330 446 3395 ἀντὶ
466 3329 735 3414 ὁμολογουμένου
752 3332 914 3415 posuisse,
932 3335 1105 3415 totumque

83 3421 119 3484 id
142 3420 372 3485 consideratius
395 3424 567 3484 tractatum
591 3420 865 3503 exploratumque.

149 3507 197 3572 VI
223 3508 358 3574 Falsum
394 3531 477 3594 esse,
510 3509 597 3594 quod
624 3507 756 3572 Verrius
786 3508 919 3572 Flaccus
951 3508 986 3572 in
1017 3509 1103 3573 libro
