2460 3848
134 166 177 230 22
455 164 634 221 CAPITVLA
651 165 717 221 LIB.
736 164 782 220 IX.
801 165 827 219 X

197 327 276 394 VIII
303 327 480 394 Necessum
504 351 585 412 esse,
608 331 664 412 qui
687 330 789 394 multa
811 322 941 411 habeat,
965 327 1075 393 multis
1099 330 1147 393 in-

130 417 251 505 digere;
274 418 377 502 deque
399 439 436 482 ea
458 439 493 481 re
513 417 664 482 Favorini
687 417 874 503 philosophi
897 439 970 482 cum
990 418 1149 482 brevitate

128 508 268 594 eleganti
291 508 456 571 sententia.

195 594 243 659 IX
275 595 353 672 Quis
377 596 491 660 modus
515 596 557 660 sit
578 596 723 660 vertendi
746 596 843 660 verba
866 595 900 659 in
924 594 1053 660 Craecis
1075 618 1146 660 sen-

129 685 252 769 tentiis,
289 686 391 769 deque
421 684 472 748 his
504 683 639 748 Homeri
670 684 829 768 versibus,
866 706 947 768 quos
978 682 1145 771 Vergilius

129 775 262 839 vertisse
280 779 336 839 ant
355 774 436 838 bene
450 778 586 857 apteque
600 777 656 838 aut
669 774 856 858 inprospere
870 773 1072 838 existimatus
1086 778 1144 838 est.

195 862 226 927 X
253 862 346 940 Quod
369 861 520 926 Annaeus
544 861 704 927 Cornutus
728 884 837 927 versus
857 861 1002 949 Vergilii,
1026 863 1146 946 quibus

129 950 263 1017 Veneris
287 957 319 1016 et
337 951 476 1016 Vulcani
500 952 707 1016 concubitum
727 953 842 1035 pudice
861 956 1035 1036 operteque
1053 951 1146 1034 dixit,

126 1041 374 1126 reprehensione
398 1062 512 1125 spurca
535 1044 568 1104 et
591 1041 701 1105 odiosa
724 1040 912 1124 inquinavit.

195 1128 242 1194 XI
271 1130 321 1194 De
342 1128 473 1195 Valerio
498 1128 650 1213 Cervius,
673 1133 706 1194 et
727 1130 812 1194 unde
836 1128 1001 1194 Corvinus.

195 1217 258 1284 XII
285 1219 334 1284 De
356 1220 471 1302 verbis,
494 1240 576 1303 quae
599 1220 634 1282 in
653 1222 823 1302 utramque
841 1223 966 1302 partem
985 1217 1146 1304 significa·

128 1310 215 1373 tione
239 1309 370 1374 adversa
393 1313 426 1373 et
447 1308 611 1392 reciproca
634 1308 791 1372 dicuntur.

193 1396 273 1462 XIH
305 1396 413 1462 Verba
436 1419 475 1461 ex
499 1397 634 1461 historia
658 1394 771 1461 Claudi
794 1395 998 1482 Quadrigari,
1026 1396 1145 1480 quibus

126 1486 227 1551 Manli
254 1486 422 1570 Torquati,
455 1485 573 1550 nobilis
606 1485 832 1568 adulescentIS,
866 1489 898 1549 et
926 1483 1030 1550 hostis
1060 1482 1146 1549 Calli

126 1577 331 1659 provocantis
354 1597 497 1660 pugnam
520 1574 673 1658 depinxit.

193 1662 273 1728 XIV
299 1662 392 1740 Quod
415 1663 500 1727 idem
519 1661 747 1749 Quadrigarius
772 1663 879 1726 ‘huius
902 1662 1011 1727 facies’
1036 1664 1143 1746 patrio

127 1774 202 1817 casu
230 1753 330 1836 probe
355 1757 388 1816 et
410 1751 525 1816 Latine
552 1753 647 1834 dixit,
675 1756 707 1816 et
731 1752 886 1836 quaedam
909 1752 972 1815 alia
995 1751 1145 1836 adposita

127 1842 166 1906 de
188 1840 343 1905 similium
366 1840 597 1905 vocabulorum
621 1839 896 1906 declinationibus.

192 1928 256 1994 XV
280 1929 330 1994 De
353 1951 469 2016 genere
493 1929 736 2012 controversiae,
760 1930 847 2014 quod
870 1929 988 1994 Graece
1012 1929 1145 2013 ἄπορον

126 2019 314 2104 appellatur.

192 2107 270 2173 XVI
303 2108 396 2185 Quod
421 2106 562 2172 Plinium
587 2106 782 2189 Secundum,
809 2129 876 2172 non
903 2105 1069 2171 hominem
1096 2108 1145 2171 in-

126 2199 269 2282 doctum,
305 2197 426 2284 fugerit
456 2198 649 2281 latueritque
680 2198 796 2266 vitium
828 2196 1023 2282 argumenti,
1056 2197 1145 2278 qnod

126 2286 347 2373 ἇντιστρέφον
371 2285 482 2351 Graeci
506 2287 623 2350 dicunt.

338 2502 477 2575 CAPIT
487 2496 734 2601 vinalem
762 2500 930 2575 nnclnl

189 2639 205 2704 I
235 2641 445 2706 ‘Tertium’ne
469 2641 603 2705 ‘consul'
628 2664 670 2705 an
694 2641 811 2706 ‘tertio'
837 2641 900 2705 dici
924 2645 1085 2725 oporteat3
1110 2646 1143 2707 et

125 2753 265 2816 quonam
284 2731 379 2795 modo
396 2729 451 2794 Cn.
466 2729 649 2813 Pompeius,
669 2751 742 2794 cum
760 2731 795 2793 in
812 2730 948 2812 theatm,
967 2731 1054 2814 quod
1074 2735 1142 2795 erat

124 2820 339 2903 dedicaturus,
361 2820 500 2884 honores
524 2840 599 2883 snos
623 2820 788 2902 scriberet,
812 2819 1033 2902 quaestionem
1056 2821 1142 2884 anci-

124 2910 225 2994 pitem
248 2909 341 2973 istius
364 2908 454 2972 verbi
478 2909 516 2972 de
540 2907 675 2973 consilio
699 2906 861 2972 Ciceronis
884 2909 1041 2972 vitaverit.

191 2996 224 3063 ΙΙ
250 2997 334 3074 Quid
351 2995 541 3061 Aristoteles
565 2999 603 3061 de
626 3019 760 3062 numero
783 2997 945 3082 puerperii
967 2998 1144 3062 memoriae

124 3087 331 3152 mandaverit.

191 3174 240 3240 III
263 3175 424 3241 Locorum
444 3176 643 3259 quorundam
657 3176 842 3240 inlustrium
856 3174 996 3239 conlatio
1012 3180 1143 3240 conten-

124 3266 235 3350 tioque
257 3266 342 3329 facta
365 3287 405 3329 ex
429 3264 627 3329 orationibus
652 3262 684 3328 C2
705 3263 840 3329 Gracchi
862 3269 895 3329 et
917 3264 959 3328 M.
977 3262 1142 3330 Ciceronis

125 3359 157 3419 et
179 3354 221 3419 M.
237 3352 376 3419 Catonis.

190 3441 239 3508 rv
275 3442 368 3520 onos
394 3442 430 3508 P.
452 3440 605 3529 Nigidius
629 3399 839 3528 ‘argutissime
871 3441 981 3507 sosia
1007 3444 1143 3508 nomas

101 3549 174 3591 non
189 3533 342 3613 positiva
366 3554 451 3619 esse,
475 3532 533 3599 sed
555 3530 726 3600 naturalia.
