2460 3848
552 170 565 222 I
584 176 617 222 23
1051 171 1093 234 85

533 329 644 396 XXIII

79 451 147 517 Quis
165 452 251 506 fuerit
264 451 393 521 Papirius
406 452 616 519 Praetextatus
635 468 709 520 quae
722 452 804 507 istius
819 469 905 507 causa
920 453 1097 523 cognomenti

116 523 170 647 215,
172 523 364 648 dqistoriaqne
384 523 440 578 ista
459 525 549 579 omnis
569 540 652 593 super
671 525 770 578 eodem
786 524 901 594 Papirio
921 525 1036 594 cognitu
1055 525 1098 578 iu·

52 746 65 786 s
146 720 292 786 Historia
311 722 349 785 de
367 721 498 804 Papirio
517 721 723 786 Praetextato
743 722 828 786 diota
847 724 1030 806 scriptaque
1049 727 1097 787 est
1126 739 1140 786 1

78 833 98 874 a
116 809 158 874 M.
179 808 322 874 Catone
345 811 384 874 in
408 811 597 892 oratione,
621 832 684 892 qua
706 833 783 874 usus
807 815 856 875 est
883 812 929 875 ad
952 812 1097 875 milites

80 903 213 963 contra
246 897 404 963 Galbam
432 898 613 981 (XXXIX
634 898 695 980 J),
728 919 800 962 cum
833 900 936 963 multa
968 901 1097 982 quidem

79 991 246 1052 venustate
278 992 375 1070 atque
407 987 479 1051 luce
509 991 605 1069 atque
633 987 792 1050 munditia
819 988 998 1052 verborum.
1049 988 1098 1051 Ea
1126 1005 1141 1051 2

80 1073 236 1140 Catonis
265 1077 362 1139 verba
390 1075 466 1138 huic
493 1097 625 1158 prorsus
649 1076 879 1139 commentario
903 1076 1099 1159 indidissem,

39 1188 65 1229 ro
79 1165 106 1229 si
136 1165 212 1229 libri
240 1165 333 1247 copia
360 1163 475 1228 fuisset
502 1164 536 1226 id
562 1164 732 1246 temporis,
764 1184 837 1227 oum
864 1163 944 1226 haec
972 1165 1097 1229 dictavi.

79 1252 173 1329 Quod
196 1253 313 1316 sinon
336 1252 471 1314 virtutes
496 1251 731 1335 dignitatesque
752 1248 934 1333 verborum,
957 1253 1012 1316 sed
1030 1275 1097 1315 rem
1126 1269 1142 1316 3

79 1342 183 1423 ipsam
212 1341 293 1404 scire
321 1340 462 1421 quaeris,
488 1361 539 1404 res
567 1339 667 1402 ferme
694 1340 735 1402 ad
761 1339 850 1403 hunc
877 1340 1009 1403 modum
1037 1344 1098 1404 cst:

79 1428 151 1492 Mos
171 1432 265 1491 antea
284 1427 485 1492 senatoribus
502 1427 624 1491 Romae
642 1427 705 1492 fuit
723 1429 757 1491 in
777 1428 898 1492 curiam
918 1448 990 1491 cum
1010 1451 1099 1511 prae·
1126 1445 1143 1492 1

79 1516 211 1580 tentatis
234 1516 310 1580 filiis
333 1516 474 1580 introire.
516 1515 609 1599 Tum,
633 1537 706 1580 curn
729 1518 764 1580 in
787 1521 899 1581 senatu
922 1539 972 1581 res
997 1517 1099 1580 maior
1127 1533 1142 1580 5

39 1631 65 1671 15
81 1605 250 1688 quaepiam
279 1606 460 1670 consultata
488 1627 588 1688 eaque
616 1606 650 1670 in
676 1607 760 1669 diem
783 1610 949 1689 posterum
972 1607 1099 1689 prolata

80 1698 141 1776 est,
169 1694 304 1777 placuit,
331 1698 368 1758 ut
391 1717 462 1758 eam
484 1717 567 1777 rem,
592 1717 688 1778 super
711 1717 775 1778 qua
797 1695 1036 1777 tractavissent,
1058 1717 1098 1758 ne

80 1783 151 1865 quis
170 1784 360 1866 enuntiaret,
378 1785 565 1867 priusquam
586 1784 713 1848 decreta
732 1789 823 1848 esset.
860 1784 964 1848 Mater
976 1783 1099 1866 Papirii

79 1873 180 1955 pueri,
203 1873 258 1955 qui
282 1892 355 1936 cum
378 1877 510 1956 parente
534 1894 593 1937 suc
614 1873 649 1936 in
668 1874 755 1937 curia
773 1874 888 1954 fuerat,
910 1877 1098 1956 percontata

79 1965 128 2025 cst
155 1961 273 2042 filiurn,
301 1961 454 2042 quidnam
482 1962 517 2024 in
544 1966 658 2026 senatu
685 1965 792 2044 patres
819 1962 967 2045 egissent.
1014 1961 1098 2024 Puer
1126 1975 1142 2022 6

39 2074 65 2113 ao
78 2049 245 2132 respondit
272 2049 443 2119 tacendum
472 2070 540 2112 esse
563 2070 667 2130 neque
690 2049 724 2111 id
746 2049 809 2112 dici
832 2049 936 2112 licere.
982 2048 1099 2112 Mulier
1128 2064 1142 2111 7

79 2138 117 2199 fit
145 2136 295 2199 audiendi
322 2136 482 2218 cupidior,
509 2140 667 2200 secretum
694 2137 741 2199 rei
765 2140 796 2198 et
820 2137 983 2199 silentium
1007 2137 1098 2218 pueri

80 2224 223 2287 animum
247 2224 314 2287 eius
339 2224 379 2286 ad
401 2223 628 2305 inquirendum
652 2224 828 2287 everberat:
853 2223 978 2304 quaerit
999 2224 1099 2306 igitur

81 2311 294 2393 compressius
322 2311 567 2392 violentiusque.
617 2310 701 2375 Tum
729 2333 809 2394 puer
835 2314 937 2374 matre
964 2315 1098 2394 urgente
1126 2326 1142 2373 8

80 2399 180 2482 lepidi
207 2403 303 2481 atque
330 2399 439 2463 festivi
461 2399 620 2463 mendacii
643 2399 813 2463 consilium
838 2400 932 2481 capit.
978 2397 1098 2462 Actum

39 2514 65 2554 aa
80 2490 115 2552 in
133 2492 246 2552 senatu
265 2487 356 2570 dixit,
374 2488 663 2551 utrumvideretur
680 2488 793 2551 utilius
813 2509 914 2569 exque
933 2488 1099 2571 republica

80 2599 163 2659 esse,
184 2599 309 2641 unusne
332 2581 369 2641 ut
393 2577 470 2641 duas
493 2598 609 2641 uxores
633 2577 780 2658 haberet,
802 2599 844 2641 an
866 2581 903 2640 ut
925 2599 989 2640 una
1012 2577 1099 2660 apud

80 2667 160 2731 duos
183 2669 286 2749 nupta
309 2669 399 2730 11111.
446 2664 519 2728 Hoc
541 2666 597 2729 illa
619 2666 677 2729 ubi
700 2666 836 2748 audivit,
863 2665 988 2730 animus
1013 2687 1097 2730 com·
1126 2680 1141 2727 9

80 2752 232 2837 pavescit,
251 2755 347 2817 domo
365 2754 529 2837 trepidans
549 2755 720 2839 egreditur,
738 2755 778 2817 ad
797 2759 917 2819 ceteras
934 2759 1097 2818 matronas
1109 2769 1142 2817 10

80 2843 208 2927 perfert.
254 2841 353 2907 Venit
380 2842 420 2907 ad
448 2847 594 2907 senatum
618 2843 773 2926 postridie
795 2848 935 2907 matrum
958 2843 1097 2907 familias

109 3070 118 3080 ,,
153 3022 185 3069 13
196 3033 255 3083 sqq.
271 3015 355 3069 Maon.
370 3016 422 3082 16,
439 3021 471 3069 19
482 3034 541 3085 sqq.
557 3016 664 3084 (Polyb.
679 3016 718 3069 m
732 3021 774 3083 20,
791 3018 818 3086 3)

32 3195 36 3200 ’
152 3180 168 3228 8
182 3176 325 3228 uetustate
339 3174 421 3245 11110
435 3176 529 3245 tempe
539 3174 593 3247 11111
603 3181 636 3228 13
652 3175 730 3229 curia
744 3175 828 3246 11114
847 3175 974 3242 Tumque
988 3175 1098 3246 1110111

81 3252 114 3300 16
128 3246 293 3314 placuitque
308 3245 386 3316 111118
405 3247 486 3314 patre
500 3245 583 3318 111121
600 3245 745 3300 silentium
759 3246 856 3300 deberi
869 3262 939 3315 puer
954 3246 1097 3300 affirmans

80 3317 206 3371 animum
220 3318 237 3387 β
251 3319 260 3386 ll
274 3322 308 3370 25
327 3323 428 3384 exeqre
442 3316 471 3368 P.
486 3321 510 3368 V
524 3317 671 3386 magisque
685 3333 701 3370 1
715 3333 772 3385 rep.
789 3319 880 3372 Macr.
895 3320 904 3387 ΙΙ
918 3323 951 3371 27
972 3316 1066 3370 animo
1081 3317 1098 3386 β

81 3390 171 3442 Maor.
187 3389 244 3455 1129
263 3387 377 3456 perfert.
410 3386 496 3441 Venit
515 3389 599 3442 Klotz
616 3388 747 3456 peruenit
765 3408 786 3440 ω
804 3388 939 3457 pervenit.
969 3387 994 3439 ir
1013 3388 1096 3440 Mors.

78 3460 223 3512 matronas
243 3457 334 3511 defert
352 3457 428 3524 quod
447 3458 583 3511 audierat.
616 3458 785 3526 perueniunt
804 3458 934 3529 (11111111
946 3456 1108 3522 possidia-

80 3545 135 3596 qne
155 3529 192 3582 ad
211 3547 231 3581 s.
252 3529 382 3597 copiosae
401 3546 436 3582 m.
456 3528 476 3582 f.
496 3529 629 3584 catervae
647 3528 801 3584 conituunt
819 3529 920 3582 Maec.
