2460 3848
414 155 593 210 CAPITVLA
611 157 677 210 LlB.
697 158 731 213 Π.
749 159 787 210 ΙΠ
1069 159 1107 221 11

87 321 187 406 sophi
207 321 245 384 de
265 319 435 407 generibus
452 320 596 385 colorum
611 321 839 404 vocabulisque
854 342 965 384 eorum
980 317 1108 384 Graecis

88 416 122 476 et
146 410 284 493 Latinis3
308 414 403 494 atque
426 410 507 474 inibi
531 409 620 475 color
643 409 778 495 ‘spadix'
804 408 983 474 cuiusmodi
1007 410 1057 474 sit

156 497 281 563 XXVII
305 498 388 576 Quid
403 499 438 562 Τ.
454 497 627 563 Castricius
644 499 837 564 existimarit
851 520 947 581 super
961 496 1108 562 Sallustii

88 589 194 651 verbis
232 591 263 651 et
295 587 536 671 Demosthenis,
573 589 690 671 quibus
723 590 804 652 alter
835 587 1024 670 Philippum
1058 588 1108 652 de

90 678 231 760 scripsit,
254 679 335 741 alter
359 676 545 741 Sertorium.

156 765 295 830 XXVHI
318 765 395 832 Non
414 789 483 831 esse
502 770 712 850 compertum,
732 767 784 830 cui
803 766 862 830 deo
882 787 950 829 rem
965 764 1107 829 divinam

90 856 161 918 fieri
185 859 340 938 oporteat,
365 878 437 919 cum
462 859 547 919 terra
570 860 686 919 movet.

154 943 262 1008 XXIX
299 943 468 1029 Apologus
501 943 622 1028 Aesopi
654 944 795 1029 Phrygis
828 947 1008 1008 memoratu
1041 965 1107 1008 non

87 1033 221 1097 inutilis.

152 1122 245 1186 XXX
278 1121 362 1197 Quid
395 1122 600 1186 observatum
633 1123 676 1185 sit
706 1122 740 1185 in
768 1120 926 1185 undarum
955 1122 1107 1204 motibus,

83 1234 168 1295 quae
191 1213 225 1275 in
249 1211 331 1274 mari
355 1211 418 1274 alio
443 1215 539 1293 atque
562 1210 625 1274 alio
648 1211 744 1275 modo
763 1211 847 1274 fiunt
866 1211 982 1274 austris
1002 1211 1106 1274 flanti-

85 1301 147 1364 bus
172 1298 450 1384 aquilonibusque.

305 1513 543 1587 OAPITVLA
571 1515 702 1588 LIBRI
729 1515 893 1588 TERTII

152 1651 167 1716 l
201 1652 388 1729 Quaesitum
421 1659 516 1738 atque
549 1659 734 1737 tractatum,
767 1677 863 1739 quam
897 1655 938 1718 ob
970 1676 1099 1719 causam

81 1744 257 1808 Sallustius
281 1744 448 1808 avaritiam
470 1744 586 1809 dixerit
604 1766 670 1808 non
689 1745 832 1808 animum
851 1744 947 1809 modo
969 1743 1100 1828 virilem,

82 1833 145 1898 sed
168 1853 284 1916 corpus
308 1855 435 1918 quoque
458 1834 564 1918 ipsum
588 1835 780 1898 effeminare.

151 1920 183 1985 Π
208 1921 384 1998 Quemnam
404 1944 473 1987 esse
491 1925 631 1987 natalem
651 1924 735 1987 diem
753 1922 795 1986 M.
810 1922 913 1987 Varro
933 1922 1027 2004 dicat,
1047 1925 1103 2006 qui

82 2016 158 2077 ante
181 2012 285 2076 noctis
309 2012 421 2075 horam
443 2017 565 2076 sextam
584 2017 697 2095 postve
717 2034 786 2075 eam
805 2012 874 2075 nati
888 2016 983 2095 <sunt3
1008 2016 1104 2094 atque

84 2101 166 2165 inibi
198 2101 237 2165 de
269 2102 468 2184 temporibus
495 2102 706 2184 terminisque
734 2100 871 2181 dierum,
904 2101 959 2183 qui
992 2101 1102 2164 civiles

83 2189 292 2254 nominantur
310 2194 342 2253 et
360 2211 590 2273 usquequaque
609 2191 755 2274 gentium
774 2191 861 2252 varie
879 2188 1103 2272 observantur3

83 2281 118 2340 et
136 2281 298 2359 praeterea
317 2279 395 2362 quid
410 2278 446 2355 Q.
461 2277 587 2342 Mucius
607 2277 771 2362 scripserit
790 2297 887 2359 super
906 2298 942 2340 ea
962 2277 1104 2361 muliere,

87 2387 169 2448 quae
192 2388 211 2429 a
230 2368 345 2431 marito
365 2390 431 2431 non
450 2368 518 2430 iure
537 2388 570 2430 se
589 2367 816 2450 usurpavisset,
841 2366 927 2448 quod
944 2367 1103 2430 rationem

87 2454 192 2518 civilis
216 2457 291 2521 anni
313 2479 379 2520 non
401 2456 559 2519 habuerit.

151 2542 199 2607 III
227 2544 275 2608 De
303 2545 471 2610 noscendis
496 2545 763 2628 explorandisque
787 2543 896 2608 Plauti
919 2544 1104 2628 comoediis,

82 2634 238 2717 quoniam
266 2636 424 2718 promisce
452 2656 546 2698 verae
569 2638 665 2718 atque
689 2634 788 2698 falsae
811 2635 941 2698 nomine
965 2635 1033 2697 eius
1057 2635 1104 2697 in-

81 2724 221 2805 scriptae
239 2723 399 2806 feruntur3
423 2728 518 2806 atque
537 2722 627 2805 inibi,
651 2723 738 2806 quod
756 2722 891 2787 Plautus
910 2726 943 2786 et
960 2721 1102 2787 Naevius

84 2813 118 2876 in
142 2833 268 2877 carcere
291 2812 416 2876 fabulas
441 2813 662 2897 scriptitarint.

149 2898 198 2964 IV
226 2898 320 2976 Quod
341 2901 376 2964 P.
396 2899 550 2966 Africano
579 2906 612 2964 et
640 2901 712 2965 aliis
735 2905 814 2966 tunc
836 2900 915 2964 viris
937 2900 1102 2965 nobilibus

79 2993 157 3054 ante
191 2992 329 3053 aetatem
359 2994 519 3055 senectam
546 2990 680 3054 barbam
709 2994 741 3054 et
768 3011 866 3075 genas
894 2990 1004 3054 radere
1032 3012 1102 3055 mos

85 3079 212 3163 patrius
235 3078 306 3142 fuit.

149 3166 181 3231 V
209 3167 405 3231 Deliciarum
428 3169 544 3233 vitium
568 3172 601 3232 et
623 3166 776 3232 mollities
799 3167 965 3232 oculorum
983 3170 1015 3231 et
1034 3188 1100 3232 cor-

81 3257 172 3341 poris
193 3257 232 3321 ab
253 3255 398 3321 Arcesila
415 3257 610 3341 philosopho
630 3257 755 3321 cuidam
775 3257 971 3340 obprobrata
989 3256 1102 3321 acerbe

78 3345 181 3410 simul
205 3349 237 3410 et
260 3346 429 3410 festiviter.

149 3433 197 3499 VI
219 3435 268 3499 De
286 3435 320 3500 vi
339 3439 436 3519 atque
451 3440 569 3500 natura
582 3434 709 3520 palmae
722 3435 869 3519 arboris,
884 3433 1138 3516 quemqnam

80 3547 122 3590 ex
146 3546 183 3587 ea
203 3523 402 3606 ponderibus
424 3525 544 3610 positis
567 3527 748 3594 renitatur.
