2460 3848
132 154 198 217 104
583 153 609 204 Π
629 157 692 219 819

131 317 275 400 corporis
294 317 329 379 in
347 319 450 380 morte
469 315 597 378 evidens
614 318 672 397 est,
689 336 755 377 non
769 318 818 378 est
831 317 919 377 ratus
934 315 1144 378 necessariam

131 427 200 469 esse
232 406 299 468 eius
332 403 597 485 admonitionem,
630 402 716 486 quod
749 402 897 467 omnibus
930 425 1044 487 prosus
1077 406 1161 478 erat¹

104 493 272 557 sobrium.
319 490 422 556 Sicuti
449 492 559 573 otiam,
583 491 669 574 quod
693 490 931 555 conclusionem
954 492 1145 576 synlogismi

131 603 197 645 non
224 582 258 644 in
285 582 349 644 fine
376 582 498 664 posuit,
526 584 574 644 set
601 581 635 643 in
662 578 834 663 principio:
862 580 993 643 numid
1017 601 1145 662 quoque

130 691 196 733 non
220 671 355 752 inperite
378 670 499 732 factum
522 670 595 751 quis
617 690 684 732 non
706 668 814 731 videt?
1174 693 1186 732 5

104 775 120 822 9
197 755 288 841 Aput
314 757 514 821 Platonem
542 779 670 840 quoque
697 756 808 820 multis
836 757 871 820 in
897 756 977 820 locis
1005 758 1144 839 reperias

131 845 347 931 synlogismos
370 845 538 929 repudiato
563 866 779 929 conversoque
803 845 912 908 ordine
936 845 1008 927 isto,
1032 847 1085 927 qui
1111 846 1146 908 in

131 935 274 998 docendo
297 935 447 1016 traditur,
470 955 543 998 cum
566 933 706 1019 eleganti
729 935 866 1016 quadam
889 934 1145 1017 reprehensionis

131 1024 370 1107 contemptione
392 1023 515 1106 positos
539 1044 615 1086 esse.
712 1107 714 1111 ι

613 1285 660 1350 ΙΧ
1161 1314 1187 1353 1ο

130 1408 212 1474 Quod
234 1408 310 1462 idom
328 1408 496 1461 Plutarchus
520 1407 644 1461 evidenti
667 1407 809 1461 calumnia
831 1408 947 1462 verbum
969 1408 1004 1461 ab
1023 1407 1144 1477 Epicuro

166 1481 274 1533 dictum
292 1481 446 1533 insectatus
466 1479 510 1532 sit.

104 1622 118 1670 1
196 1604 240 1669 In
272 1606 400 1669 eodem
433 1605 534 1668 libro
562 1606 647 1669 idem
675 1604 906 1670 Plutarchus
929 1607 1023 1688 (VII
1031 1628 1064 1688 p.
1083 1612 1146 1671 101

41 1756 44 1760 .
129 1694 240 1776 Bora.)
272 1694 408 1756 eundem
437 1692 645 1775 Epicurum
677 1695 895 1778 reprehendit,
928 1697 1013 1777 quod
1045 1696 1144 1759 verbo

102 1800 207 1846 tusus
236 1783 277 1845 sit
302 1804 416 1864 parum
439 1783 571 1865 proprio
595 1786 627 1845 et
651 1783 773 1846 alienae
796 1784 1049 1868 significationis.
1094 1782 1146 1848 Ita
1162 1812 1188 1850 15

130 1871 216 1933 enim
250 1870 376 1933 scribsit
407 1868 598 1952 Epicurus
626 1871 714 1952 (seat
735 1871 842 1953 IIIp.
862 1876 907 1937 72
931 1873 1010 1956 Us.):
1034 1871 1145 1957 Ὅρος

129 1966 199 2022 τοῦ
233 1957 428 2041 μεγέθους
460 1969 536 2022 τῶν
568 1959 722 2042 ἡδονῶν
754 1960 774 2042 11
806 1961 951 2037 παντὸς
983 1970 1052 2025 τοῦ
1080 1960 1146 2024 ἀλ-

129 2054 302 2128 γοῦντος
328 2044 589 2130 ὑπεξαίρεσις.
636 2047 733 2112 ‘Non’
763 2050 868 2131 inquit
897 2050 1051 2125 *παντὸς
1074 2060 1145 2114 τοῦ

131 2133 363 2217 ἀλγοῦντος,
396 2134 451 2199 sod
483 2138 604 2211 παντὸς
636 2145 696 2200 τοῦ
730 2135 884 2219 ἀλγεινοῦ
917 2138 1022 2202 dicere
1052 2160 1146 2222 opor·
1215 2173 1218 2177 v

101 2225 206 2308 utuit3
239 2224 393 2288 detractio
426 2225 511 2287 onim
544 2225 755 2309 significanda
785 2229 833 2288 est
860 2226 1004 2308 doloris,'
1039 2227 1146 2309 inquit
1162 2254 1188 2293 1ο

131 2313 208 2376 ‘non
232 2313 390 2377 dolentis?

101 2417 119 2464 4
195 2400 302 2465 Nimis
330 2402 453 2464 minute
480 2421 517 2464 ao
543 2422 644 2484 prope
672 2403 768 2465 etiam
795 2402 971 2486 subfrigide
994 2403 1146 2467 Plutar-

101 2488 222 2552 cohus
251 2491 284 2552 in
307 2489 475 2571 Epicuro
503 2490 680 2553 accusando
709 2488 920 2574 λεξιθηρεῖ.
966 2491 1033 2555 Has
1057 2494 1144 2556 enim

129 2597 221 2640 curas
254 2598 370 2640 vocum
397 2578 631 2659 verborumque
658 2578 833 2663 elegantias
861 2601 927 2644 non
954 2580 1049 2645 modo
1077 2603 1145 2645 non

129 2668 269 2728 sectatur
290 2664 496 2748 Epicurus,
519 2665 694 2729 sedetiam
717 2668 899 2731 insectatur.
1161 2697 1187 2736 25

201 2897 234 2945 re
252 2891 279 2944 11
293 2897 317 2960 o,
333 2896 365 2944 12
475 2897 507 2943 11
527 2891 616 2945 Amm.
633 2892 709 2946 xvll
724 2900 765 2962 11,
781 2901 797 2948 1
812 2895 847 2947 al.

127 3021 341 3028 *—

201 3109 215 3155 1
241 3104 284 3156 est
299 3104 381 3170 prius
399 3106 539 3228 0111412
563 3104 627 3170 QVI
645 3109 668 3157 Δ
684 3108 687 3174 1
704 3105 1012 3190 ΡΒςΟὸῩΜΞΕῌΑΤᾈ
1029 3124 1143 3176 prorsus

128 3175 189 3227 crat
208 3173 274 3244 11113
293 3172 489 3228 CONIVNCTI
514 3175 595 3228 NEM
608 3180 631 3228 Δ
649 3177 723 3230 ande
739 3195 771 3230 aa
784 3195 807 3231 ο.
821 3181 841 3230 2
856 3178 1065 3232 adiunctionem
1078 3179 1123 3233 St.
1134 3180 1144 3251 11

129 3250 144 3296 ’1
172 3244 333 3315 repudiato]
356 3250 379 3296 Δ
403 3247 459 3299 -tos
483 3267 504 3299 ω
521 3249 525 3316 1
541 3247 571 3299 in
600 3247 737 3318 docendo]
759 3252 782 3300 Δ
808 3249 838 3301 in
862 3249 981 3302 dicendo
999 3254 1050 3301 BV
1072 3250 1143 3303 inci-

127 3331 219 3387 dendo
238 3336 311 3403 Ρ118
331 3333 444 3403 quidem
463 3340 486 3387 v
499 3337 508 3403 11
524 3340 556 3387 13
575 3334 666 3388 ITEM
684 3339 776 3405 Δ1121
797 3336 918 3391 dolentis
931 3322 991 3403 ER
1011 3337 1143 3391 dolensr
