2460 3848
417 845 759 930 PRAEFATIO

10 1127 19 1220 l
146 1156 246 1215 Pauca
266 1155 386 1213 tantum
403 1151 507 1225 habeo,
530 1171 606 1228 quae
625 1152 661 1210 de
679 1150 829 1210 codicibus
848 1150 992 1210 Gellianis
1010 1153 1117 1228 prae·'

80 1247 207 1304 mittam.
254 1244 333 1302 Nam
358 1262 426 1301 cum
449 1260 483 1300 61(
506 1243 656 1318 apparatu
677 1241 846 1319 largissimo
870 1240 1009 1300 editionis
1032 1259 1095 1298 mn-

78 1336 152 1393 ioris
166 1333 289 1406 Η611611,
309 1332 382 1406 quid
399 1331 435 1389 de
454 1331 712 1409 consanguinitate
731 1331 761 1388 et
779 1331 936 1389 stemmate
951 1329 1095 1388 librorum

80 1422 272 1482 statuendum
295 1423 379 1494 esset,
402 1439 468 1480 mea
491 1439 582 1497 opera
603 1421 824 1495 inquisivissam
846 1419 936 1494 idque
959 1437 1027 1477 cum
1048 1419 1095 1492 iis,

80 1531 157 1587 quae
174 1513 207 1568 in
225 1511 409 1586 amplissima
427 1511 613 1587 praefatione
629 1510 690 1584 ille,
709 1509 792 1570 cuius
806 1510 838 1567 111
852 1507 948 1568 Gellio
962 1506 1096 1566 laborem

79 1601 202 1660 laudare
225 1599 419 1674 superfluum,
441 1601 557 1659 imitari
579 1600 656 1658 velle
680 1599 872 1659 ambitiosum
894 1599 952 1672 est,
975 1616 1094 1675 conges-

80 1693 172 1764 serat,
200 1690 403 1764 contulissem,
426 1691 526 1748 omnia
551 1689 612 1748 fere
634 1691 697 1748 iam
719 1690 866 1764 occupata
888 1706 950 1747 esse
973 1688 1095 1746 minime

79 1779 219 1838 mirabar.
256 1779 335 1838 Nam
353 1779 392 1837 ad
410 1779 534 1839 eandem
551 1780 664 1837 metam
682 1795 791 1852 omnes,
810 1779 863 1852 qui
875 1779 908 1835 in
920 1778 968 1835 his
982 1778 1095 1852 campis

80 1869 247 1941 decurrant,
270 1871 464 1944 perventuros
488 1887 550 1927 esse
570 1870 603 1926 in
621 1867 781 1944 propatulo
800 1869 854 1940 est,
877 1885 972 1942 neque
990 1885 1025 1924 ex
1044 1865 1095 1924 ad·

80 1957 269 2030 ditamentis,'
282 1976 357 2032 quae
376 1976 411 2015 ex
424 1956 541 2015 Hertnii
559 1956 704 2016 schedulis
718 1956 767 2014 Fr.
781 1947 903 2036 Kuhn¹)
920 1956 1096 2032 composuit,

81 2046 245 2120 quidquam
277 2045 464 2104 fundamenti
494 2046 577 2104 illius
608 2044 887 2104 ratiocinationibus
920 2044 1095 2102 detrahitur.

81 2133 188 2207 Itaque
215 2151 284 2191 cum
311 2134 378 2191 acta
405 2151 493 2211 agere
516 2133 612 2191 videri
633 2134 758 2207 possim,
786 2134 825 2206 si,
852 2150 1019 2206 quaecum
1041 2131 1095 2190 illo

82 2221 220 2296 equidem
237 2223 340 2295 statui,
361 2238 536 2298 proponam,
558 2223 668 2295 tamen,
689 2223 724 2279 ut
741 2221 895 2280 commodo
914 2239 1024 2294 eorum,
1044 2221 1096 2294 qui

82 2310 139 2369 hac
168 2310 298 2368 editione
325 2312 373 2369 usi
400 2310 439 2369 ad
466 2311 589 2369 alterius
617 2329 732 2387 semper
759 2312 1038 2370 commentationem
1065 2328 1096 2368 se

81 2400 210 2477 relegari
234 2399 456 2477 aegrotarent,
483 2401 656 2474 inserviam,
683 2400 786 2475 paucis
809 2398 920 2474 verbis,
949 2400 1095 2474 quomodo

80 2488 152 2547 libri
170 2487 300 2548 Gelliam
321 2489 401 2547 inter
423 2508 454 2549 se
477 2490 654 2549 cohaereant
676 2489 807 2564 quidque
830 2489 866 2548 de
889 2490 1015 2567 singulis
1036 2490 1095 2546 exi-
1203 2493 1205 2499 '

81 2579 264 2638 stimandum
291 2578 344 2652 sit,
376 2578 550 2656 explanabo.
600 2579 701 2638 Pauca
727 2580 757 2637 et
783 2598 891 2654 parva,
924 2576 1095 2653 dequibus

80 2669 186 2727 melius
209 2667 332 2726 Hertnio
358 2669 505 2729 iudicasse
532 2669 607 2727 mihi
634 2669 750 2742 videor,
779 2670 844 2742 aut,
872 2669 906 2726 ut
933 2668 1095 2726 modestius

81 2777 182 2836 agam,
210 2759 243 2815 in
266 2756 373 2832 quibus
395 2758 447 2817 ille
470 2778 533 2817 rem
555 2777 615 2816 non
638 2758 726 2833 plane
749 2756 893 2831 absolvit,
918 2757 1019 2830 facile,
1043 2757 1097 2830 qui

80 2848 112 2904 in
135 2847 181 2906 his
206 2846 428 2922 quaestionibus
451 2850 619 2921 morantur,
643 2847 831 2924 perspicient.

148 2933 230 3012 Opus
245 2934 415 2995 Gallianum
433 2938 556 3014 propter
572 2937 697 2996 nimiam
716 2935 954 3014 magnitudinem
971 2935 1004 2992 in
1022 2934 1096 2992 duas

80 3027 181 3100 partes
204 3026 325 3084 minime
344 3043 430 3102 pares
450 3045 468 3085 6
485 3026 617 3085 librariis
636 3025 765 3084 divisum
783 3043 851 3083 cum
869 3026 955 3098 esset,
978 3022 1096 3096 accidit,

81 3116 116 3172 111
138 3113 214 3173 liber
236 3116 359 3175 octavus
381 3116 461 3173 inter
481 3134 587 3174 aevum
604 3113 750 3174 Macrobii
768 3116 799 3172 et
816 3113 967 3173 saeculum
985 3131 1096 3170 nonum

82 3198 229 3278 deperiret
257 3205 382 3263 servatis
410 3206 473 3263 eins
500 3203 690 3263 lemmatibus
713 3205 745 3261 in
769 3201 918 3261 codicibus
942 3201 1095 3259 deteriori-

81 3290 149 3366 bns3
177 3292 300 3351 eandem
328 3293 365 3351 ob
388 3312 522 3368 causam,
550 3311 617 3351 cnm
640 3291 773 3351 membra
796 3291 854 3349 duo
878 3291 932 3350 illa
955 3289 1104 3359 discernti

153 3483 178 3548 1>
196 3442 331 3536 Fleckeis.
347 3497 413 3539 ann.
429 3483 527 3558 suppl.
539 3483 613 3541 11111
625 3478 1014 3555 616666166161666-
