2460 3848
449 166 628 222 GAPI'IVLA
646 167 713 224 LIB.
732 168 783 223 XV
1079 169 1122 234 31

175 329 240 397 VH
270 328 481 396 Observatum
505 354 574 396 esse
597 333 632 397 in
655 333 794 416 senibus,
817 333 904 416 quod
923 342 1043 397 annum
1061 334 1130 397 fere

105 420 222 487 aetatis
241 421 372 486 tertium
392 425 424 484 et
442 422 678 507 sexagesimum
697 426 796 508 agant
814 426 870 487 aut
887 422 1053 487 laboribus
1072 426 1129 487 aut

106 511 240 574 interitu
265 514 320 574 aut
343 510 432 574 clade
456 511 564 594 aliqua
587 510 791 597 insignitum3
814 515 911 594 atque
932 510 1014 575 inibi
1032 533 1128 595 super

105 600 218 664 eadem
238 598 461 663 observatione
480 601 663 683 exemplum
684 601 863 685 adpositum
886 601 1042 684 epistulae
1062 601 1128 664 divi

103 686 248 774 Augusti
271 688 312 752 ad
335 685 451 752 Gaium
474 688 587 753 filium.

174 774 254 840 VIII
280 776 386 841 Locus
408 799 447 840 ex
467 778 611 841 oratione
629 776 761 861 Favoni,
784 779 900 842 veteris
920 778 1064 861 oratoris,
1089 778 1127 842 de

52 929 56 938 ,
106 887 257 930 cenarum
286 869 382 948 atque
409 867 556 931 luxuriae
586 866 848 950 obprobratione,
876 888 940 949 qua
966 889 1044 931 usus
1070 871 1127 951 est,

107 976 180 1020 cum
203 957 309 1041 legem
332 953 490 1019 Liciniam
514 956 553 1019 de
576 959 708 1039 sumptu
731 955 905 1019 minuendo
930 956 1038 1020 suasit.

172 1042 220 1108 IX
243 1043 337 1120 Quod
351 1041 507 1108 Caecilius
526 1049 623 1128 poeta
642 1043 806 1109 ‘frontem'
826 1066 941 1130 genere
959 1044 1045 1108 virili
1061 1067 1128 1109 non

105 1134 240 1217 poetice,
260 1133 316 1197 sed
335 1153 408 1198 cum
426 1133 618 1216 probatione
637 1137 761 1198 etcum
781 1133 930 1218 analogia
943 1134 1127 1217 appellavit.

171 1221 203 1286 X
238 1221 287 1286 De
319 1222 501 1286 voluntario
530 1226 562 1287 et
590 1222 776 1286 admirando
803 1222 936 1286 interitu
963 1223 1126 1308 virginum

103 1309 312 1376 Milesiarum.

172 1398 219 1464 XI
246 1399 355 1465 Verba
378 1401 649 1464 senatusconsulti
673 1400 711 1464 de
735 1400 900 1485 erigendis
923 1399 1003 1463 urbe
1022 1398 1126 1464 Roma

103 1487 323 1574 philosophis3
346 1490 424 1553 Item
445 1489 544 1553 verba
562 1490 658 1554 edicti
678 1509 855 1572 censorum,
879 1510 943 1572 quo
962 1489 1126 1573 inprobati

104 1582 137 1643 et
161 1578 292 1643 coerciti
316 1582 405 1661 sunt,
433 1580 489 1661 qui
514 1578 716 1662 disciplinam
742 1578 936 1643 rhetoricam
958 1579 1126 1643 instituere

104 1671 137 1732 et
160 1689 308 1732 exercere
331 1666 454 1732 Romae
478 1671 657 1751 coeperant.

116 1805 119 1810 .
170 1755 234 1820 XII
265 1756 371 1821 Locus
399 1779 438 1821 ex
468 1759 611 1821 oratione
635 1754 770 1821 Gracchi
799 1757 837 1821 de
865 1756 1061 1841 parsimonia
1089 1777 1127 1821 ac

104 1846 143 1910 de
167 1845 323 1929 pudicitia
347 1868 405 1910 sua
426 1847 724 1910 memoratissimus.
780 1895 782 1899 a

171 1933 250 1998 XIII
290 1933 340 1998 De
376 1935 482 1999 verbis
519 1936 708 2019 inopinatis,
746 1956 827 2017 quae
858 1938 1125 2017 utroqueversum

103 2025 256 2088 dicuntur
278 2027 310 2087 et
333 2045 352 2087 a
375 2025 593 2110 grammaticis
618 2023 825 2089 ‘communia'
849 2027 1014 2088 vocantur.

170 2111 248 2177 XIV
282 2111 376 2188 Quod
402 2111 552 2177 Metellus
580 2111 772 2177 Numidicus
803 2112 941 2196 figuram
971 2112 1124 2176 orationis

102 2223 221 2266 novam
246 2202 509 2266 exorationibus
534 2198 662 2266 Graecis
685 2205 850 2265 mutuatus
875 2205 930 2264 est.

171 2288 234 2355 XV
258 2289 376 2354 ‘Passis
395 2290 487 2355 velis'
507 2295 540 2354 et
559 2290 673 2375 ‘passis
692 2289 853 2353 manibus'
871 2290 988 2353 dixisse
1001 2293 1125 2353 veteres

102 2401 171 2443 non
191 2401 209 2442 a
228 2378 326 2443 verbo
345 2401 413 2462 suo,
437 2380 524 2462 quod
543 2384 592 2443 est
611 2379 750 2463 ‘patior',
771 2379 826 2442 sed
845 2378 886 2442 ab
905 2379 1019 2461 alieno,
1038 2379 1125 2461 quod

103 2472 153 2533 est
177 2467 185 2495 ‘
212 2467 317 2531 ando'.

170 2490 249 2620 XVI
272 2556 321 2620 De
340 2579 424 2621 novo
445 2579 560 2642 genere
579 2558 727 2621 interitus
748 2554 966 2621 Crotoniensis
984 2554 1124 2620 Milonis.

171 2643 266 2709 XVII
289 2644 390 2722 Quam
415 2646 455 2710 ob
476 2668 604 2711 causam
623 2646 748 2710 nobiles
767 2647 859 2730 pueri
878 2643 1124 2710 Atheniensium

101 2735 192 2799 tibiis
211 2755 323 2799 canere
339 2735 498 2818 desierint,
517 2756 590 2799 cum
605 2737 746 2819 patrium
761 2737 859 2799 istum
873 2757 995 2799 morem
1011 2756 1125 2798 canen-

102 2825 135 2887 di
159 2823 322 2888 haberent.

170 2911 281 2976 XVIII
318 2912 427 2989 Quod¹
447 2935 557 2999 pugna
591 2913 669 2977 belli
702 2913 805 2976 civilis
833 2913 1032 2994 victoriaque
1065 2909 1124 2975 Gai

104 3000 262 3084 Caesaris,
296 3023 392 3084 quam
425 3003 503 3065 vicit
535 3003 570 3065 in
600 3001 775 3066 Pharsaliis
809 3002 944 3084 campis,
976 3000 1124 3065 nuntiata

101 3091 330 3174 praedIctaque
344 3096 393 3154 est
407 3113 465 3174 per
478 3092 656 3175 cuiuspiam
671 3092 802 3175 remigis
812 3090 1000 3154 vaticinium
1012 3090 1123 3154 eodem

102 3181 174 3263 ipso
200 3180 250 3243 die
273 3181 308 3244 in
330 3179 425 3244 Italia
446 3179 568 3244 Patavi.

169 3267 247 3332 XIX
277 3268 385 3333 Verba
402 3267 445 3332 M.
465 3267 620 3333 Varronis
644 3269 799 3333 memoria
823 3269 920 3353 digna
943 3291 983 3332 ex
1007 3271 1123 3349 satura,

101 3378 184 3439 quae
209 3357 396 3421 inscribitur
417 3357 492 3443 περὶ
518 3357 713 3441 ἐδεσμάτων.

168 3445 230 3510 XX
261 3445 384 3510 Notata
412 3447 568 3529 quaedam
596 3447 636 3513 de
662 3446 838 3533 Euripidis
864 3448 992 3528 poetae
1021 3453 1165 3517 ζωὴ

98 3534 173 3615 vita,
196 3535 356 3620 moribus,·
379 3537 483 3622 deque
509 3539 662 3606 eiusdem
685 3537 889 3628 iruessvitae.
