2460 3848
139 170 179 234 78
575 171 589 223 Ι
608 175 654 237 18;
674 177 707 225 19

112 332 271 416 efflasse,
302 337 350 398 est
376 333 490 398 Latine
519 332 602 396 ‘fur'.
654 330 717 397 Sed
744 356 780 397 ea
806 356 856 398 res
884 334 1044 419 fugeritne
1071 337 1150 397 tune

138 422 322 486 Varronis
345 423 541 504 memoriam,
563 444 606 486 an
624 426 735 488 eontra
752 423 859 505 aptius
878 428 911 488 et
928 423 1150 487 cohaerentius

138 511 260 594 putarit
288 511 413 575 ‘furem'
442 534 461 575 a
489 510 615 593 ‘furvo',
646 511 679 575 id
707 515 755 575 est
781 512 889 596 nigro,
920 512 1089 594 appellari,
1115 512 1150 574 in

137 599 198 664 hae
229 622 263 663 re
291 600 329 664 de
356 601 425 663 viro
453 605 520 665 tam
548 600 732 665 excellentis
760 601 921 665 doetrinae
949 622 1015 664 nen
1042 622 1149 664 meum

137 688 291 752 iudicium
314 692 370 753 est.
1177 715 1190 755 a

604 864 682 930 XIX

136 986 262 1041 Historia
285 1003 368 1055 super
388 986 468 1040 libris
488 986 633 1055 Sibyllinis
652 1004 685 1041 ae
704 988 739 1041 de
758 987 909 1057 Tarquinio
930 987 1054 1056 Superbo
1073 1003 1148 1057 rege.

111 1134 125 1180 1
203 1112 242 1179 In
278 1114 448 1198 antiquis
485 1115 687 1180 annalibus
722 1116 876 1180 memoria
908 1138 1004 1199 super
1034 1115 1148 1179 libris

111 1202 343 1288 aSibyllinis
371 1203 451 1268 haee
477 1204 604 1286 prodita
629 1208 690 1269 est:
717 1202 808 1269 Anus
831 1205 960 1287 hospita
983 1207 1079 1287 atque
1103 1204 1147 1266 in-

137 1294 266 1378 cognita
293 1293 334 1356 ad
357 1292 565 1376 Tarquinium
591 1290 770 1376 Superbum
797 1314 906 1378 regem
931 1294 1010 1357 adiit
1032 1314 1147 1356 novem
1162 1319 1188 1359 ιο

135 1383 235 1447 libros
253 1383 367 1464 ferens,
386 1403 466 1465 quos
485 1404 553 1447 esse
573 1382 698 1447 dicebat
716 1383 823 1446 divina
838 1383 979 1466 oraeuIa;
998 1402 1052 1446 eos
1066 1382 1148 1445 velle

111 1473 325 1537 svenundare.
363 1469 555 1553 Tarquinius
569 1472 708 1554 pretium
722 1475 927 1554 percontatus
942 1476 997 1536 est.
1032 1471 1149 1535 Mulier

110 1562 272 1625 4nimium
304 1563 400 1642 atque
432 1560 613 1623 inmensum
645 1561 806 1644 poposeit3
842 1583 912 1643 rex,
946 1561 1037 1643 quasi
1068 1581 1148 1623 anus

110 1654 239 1714 eaetate
263 1649 429 1730 desiperet,
452 1648 568 1712 derisit.
611 1647 692 1711 Tum
711 1649 767 1712 illa
785 1649 929 1713 foculum
948 1670 1055 1714 eoram
1075 1669 1148 1711 eum

136 1739 204 1822 igni
232 1737 379 1820 apponit,
405 1736 464 1800 tris
491 1736 591 1801 libros
619 1759 658 1800 ex
685 1758 801 1802 novem
829 1738 933 1802 deurit
960 1741 1005 1820 et,
1034 1737 1149 1820 sequid
1162 1762 1188 1801 1s

135 1827 276 1909 reliquos
305 1847 360 1889 sex
388 1825 499 1889 eodem
527 1826 631 1908 pretio
657 1849 760 1890 emere
783 1828 894 1909 vellet,
920 1848 1029 1912 regem
1051 1827 1147 1890 inter·

110 1915 269 1999 erogavit.
321 1911 383 1978 Sed
415 1915 499 1979 enim
528 1913 720 1998 Tarquinius
751 1916 784 1979 id
816 1917 919 1979 multo
946 1916 1018 1980 risit
1045 1915 1147 2000 magis

111 2004 280 2086 sdixitque
303 2025 399 2067 anum
423 2004 487 2067 iam
509 2005 622 2087 procul
646 2004 742 2069 dubio
766 2005 907 2068 delirare.
951 2003 1067 2068 Mulier
1089 2004 1147 2067 ibi-

136 2094 208 2157 dem
240 2093 349 2157 statim
381 2093 439 2156 tris
471 2093 552 2157 alies
580 2093 681 2158 libros
709 2094 830 2158 exussit
857 2097 953 2176 atque
980 2093 1013 2157 id
1039 2093 1146 2176 ipsum

137 2183 240 2246 denuo
263 2182 388 2266 placide
411 2185 513 2266 regat,
535 2185 572 2246 ut
594 2183 652 2247 tris
675 2183 816 2266 reliquos
837 2182 947 2247 eodem
967 2182 1024 2245 illo
1042 2181 1146 2264 pretio
1162 2207 1189 2246 ao

109 2277 228 2337 semat.
266 2269 458 2354 Tarquinius
478 2272 615 2335 oreiam
634 2272 716 2336 serio
735 2275 831 2354 atque
849 2271 1020 2336 attentiore
1038 2271 1146 2334 animo

135 2362 186 2443 fit,
209 2383 279 2424 eam
302 2361 514 2424 constantiam
539 2360 827 2443 confidentiamque
849 2381 915 2423 non
938 2360 1070 2443 insuper
1091 2358 1146 2422 ha-

135 2450 271 2513 bendam
296 2449 469 2534 intellegit,
495 2448 595 2513 libros
618 2449 676 2513 tris
698 2449 839 2532 reliques
863 2453 1022 2513 mereatur
1043 2447 1146 2511 nihilo

135 2540 258 2602 minore
281 2538 398 2620 pretio,
426 2558 521 2619 quam
546 2538 722 2620 quoderat
745 2538 882 2620 petitum
905 2559 963 2620 pro
988 2537 1145 2600 omnibus.

109 2624 199 2692 esed
222 2648 293 2691 eam
316 2626 481 2689 mulierem
504 2629 582 2690 tune
604 2648 623 2690 a
642 2625 815 2710 Tarquinio
839 2627 1013 2711 digressam
1034 2629 1146 2709 postea
1161 2651 1187 2691 rs

93 2733 293 2798 ronusquam
316 2713 379 2778 loci
402 2715 503 2779 visam
527 2715 679 2779 constitit.
720 2714 808 2778 Libri
831 2719 895 2779 tres
917 2715 952 2778 in
973 2715 1145 2779 sacrarium

207 2932 223 2979 a
245 2925 307 2980 val.
328 2924 400 2979 Max.
419 2923 445 2976 Π
464 2929 489 2991 4,
506 2923 614 2978 arnul.
629 2943 655 2995 p.
672 2929 713 2991 ss,
729 2931 759 2992 ὅς
777 2919 819 2991 sa,
836 2929 869 2978 13
889 2923 961 2978 GLK
974 2924 1026 2978 vn
1041 2929 1099 2989 ras,
1114 2929 1144 2992 ⁹³

136 3003 196 3064 272,
212 3003 258 3065 243
278 3001 337 3061 301,
353 3001 387 3049 27
494 3001 578 3064 8sqq.
593 2994 674 3049 Dion.
689 2996 751 3050 Hal.
767 2994 805 3049 IV
820 3001 853 3049 62
868 2994 977 3064 (Varro)
995 2995 1066 3049 Plin.
1081 2995 1145 3048 XIII

137 3074 179 3136 13,
193 3074 227 3122 88
240 3068 361 3137 Appian.
377 3067 412 3121 de
425 3082 456 3120 re
477 3108 482 3120 .
493 3065 526 3122 fr.
537 3072 553 3119 9
569 3066 641 3121 Serv,
652 3067 684 3120 A.
696 3067 744 3136 (III
752 3069 815 3136 445)
829 3066 867 3120 VI
877 3071 923 3133 363
934 3072 967 3120 72
979 3065 1063 3120 Solin.
1073 3065 1100 3119 Π
1111 3072 1144 3119 17

136 3140 263 3210 (August.
279 3139 329 3192 eiv.
344 3138 390 3192 dei
404 3137 430 3191 X
507 3140 551 3209 23)
565 3137 692 3192 Laetaut.
705 3138 718 3191 Ι
732 3144 757 3205 6,
773 3144 806 3191 10
821 3138 929 3207 (Varro)
943 3137 1007 3192 Isid.
1019 3137 1082 3191 VIII
1092 3143 1116 3203 8,
1129 3143 1145 3190 5

135 3210 203 3279 lyd.
219 3211 354 3264 demens.
368 3208 408 3262 IV
421 3214 455 3262 34
470 3211 525 3279 (47)
540 3209 637 3263 Zonar.
652 3208 704 3263 VH
719 3215 750 3262 11
767 3208 843 3264 Suid.
860 3209 894 3263 al.

207 3411 222 3459 3
240 3404 335 3474 putari
354 3425 375 3458 ω
391 3408 395 3474 Ι
411 3405 442 3458 id
460 3421 483 3459 e.
498 3421 525 3458 n.
540 3405 602 3460 eicit
618 3405 703 3460 Hertz
717 3407 727 3474 ΙΙ
741 3410 773 3459 11
793 3421 848 3474 quo
868 3405 953 3475 (quod
971 3407 1001 3474 Ρ)
1021 3419 1081 3458 sese
1099 3423 1120 3456 ω
1139 3404 1142 3475 l

133 3477 208 3531 uelle
226 3476 299 3530 dlxit
316 3482 366 3529 BV
377 3479 388 3547 ΙΙ
403 3483 436 3530 15
454 3475 506 3530 hee
524 3476 593 3544 qnid
610 3482 634 3529 V
652 3476 677 3529 si
688 3482 710 3528 Ρ
723 3478 732 3546 ΙΙ
748 3482 779 3529 19
799 3474 938 3530 combusii
949 3481 973 3527 B
985 3477 995 3545 ΙΙ
1009 3480 1043 3529 20
1061 3478 1145 3544 rogat

57 3526 201 3630 'um
212 3547 337 3615 rogatus
353 3547 423 3602 ΒΨ
438 3550 571 3621 rogatam
590 3547 654 3604 BV*
667 3551 679 3620 ll
691 3553 725 3604 ‘lt
744 3563 885 3619 egressam
899 3552 925 3600 R
