2460 3848
497 769 540 842 Α.
569 768 731 842 GELLII

139 920 382 1006 ‘Nocrlvn
413 775 710 1002 ATiIOARVM
741 914 1056 1001 PRAEFATIO>

161 1238 216 1275 *a*
231 1213 420 1277 iucundiora
439 1211 501 1275 alia
518 1212 651 1295 reperiri
670 1215 801 1295 queunt,
820 1213 860 1276 ad
876 1213 939 1276 hoc
953 1216 990 1276 ut
1002 1212 1138 1280 liberis1

93 1326 225 1390 quoque
240 1302 319 1365 meis
331 1304 442 1385 partae
451 1301 633 1365 istiusmodi
640 1301 845 1366 remissiones
856 1305 970 1386 essent,
985 1303 1112 1386 quando

95 1394 221 1458 animus
237 1412 347 1454 eorum
362 1390 577 1454 interstitione
592 1391 700 1474 aliqua
712 1391 918 1475 negotiorum
931 1392 1005 1455 data
1013 1392 1114 1455 laxari

94 1481 319 1566 indulgerique
337 1479 505 1564 potuisset.
545 1477 605 1543 Vsi
623 1484 730 1544 autem
749 1502 859 1544 sumus
879 1481 989 1544 ordine
1007 1503 1140 1549 reruma

66 1572 245 1654 sfortuito,
274 1591 369 1653 quern
397 1572 491 1633 antea
518 1569 553 1631 in
576 1570 774 1653 excerpendo
797 1570 983 1634 feceramus.
1029 1569 1115 1634 Nam

95 1661 230 1745 proinde
263 1663 300 1723 ut
331 1657 451 1722 librum
485 1679 644 1741 quemque
676 1659 710 1721 in
742 1681 855 1723 manus
884 1681 1031 1743 ceperam
1059 1681 1116 1723 seu

98 1748 255 1815 Graecum
292 1770 349 1812 seu
381 1747 533 1811 Latinum
570 1749 622 1811 vel
659 1748 737 1830 quid
771 1753 950 1813 memoratu
983 1750 1116 1834 dignum

97 1840 269 1920 audieram,
293 1838 338 1901 ita
361 1860 443 1921 quae
465 1837 596 1900 libitum
620 1841 695 1920 erat,
719 1837 809 1901 cuius
834 1839 959 1923 generis
979 1859 1117 1921 cumque

98 1931 197 2011 erant,
215 1927 402 1991 indistincte
420 1929 517 2009 atque
535 1927 695 2009 promisce
714 1927 908 1991 annotabam
922 1949 1022 2011 eaque
1037 1927 1117 1990 mihi

56 2044 84 2084 ro
99 2017 140 2080 ad
158 2015 336 2079 subsidium
351 2016 524 2080 memoriae
539 2016 631 2098 quasi
646 2016 806 2098 quoddam
820 2017 1000 2079 litterarum
1014 2038 1117 2100 penus

99 2103 321 2186 recondebam,
339 2108 385 2186 ut,
404 2105 531 2188 quando
551 2126 628 2167 usus
647 2105 787 2168 venisset
806 2109 862 2168 aut
879 2106 927 2168 rei
944 2109 1001 2168 aut
1018 2105 1118 2186 verbi,

101 2191 192 2269 cuius
220 2213 272 2254 me
298 2213 413 2275 repens
440 2194 524 2258 forte
554 2193 675 2257 oblivio
703 2194 871 2276 tenuisset,
904 2197 936 2257 et
963 2193 1051 2276 libri,
1080 2216 1119 2258 ex

102 2280 219 2363 quibus
243 2301 280 2343 ea
303 2301 513 2366 sumpseram,
536 2305 604 2347 non
627 2284 786 2367 adessent,
809 2283 904 2347 facile
928 2284 1001 2347 inde
1024 2281 1118 2347 nobis

101 2371 235 2433 inventu
258 2372 355 2452 atque
377 2371 570 2455 depromptu
592 2373 684 2436 foret.

59 2484 85 2526 15
167 2457 265 2522 Facta
288 2459 388 2544 igitur
411 2464 459 2524 est
479 2462 514 2524 in
531 2461 582 2524 his
603 2483 731 2545 quoque
752 2462 989 2525 commentariis
1009 2463 1147 2528 eadems

99 2570 206 2612 rerum
244 2549 452 2633 disparilitas,
490 2571 571 2633 quae
603 2551 667 2614 fuit
698 2551 733 2613 in
764 2551 828 2614 illis
857 2550 1119 2615 annotationibus

100 2638 258 2721 pristinis,
287 2660 365 2722 quas
394 2637 535 2703 breviter
560 2643 592 2702 et
615 2639 773 2724 indigeste
796 2644 828 2703 et
851 2640 1014 2704 incondite
1037 2641 1121 2723 <ex>

101 2726 335 2791 eruditionibus
350 2726 608 2811 lectionibusque
622 2730 718 2792 variis
728 2729 914 2793 feceramus.
949 2726 1011 2792 Sed
1021 2748 1148 2812 quon-4

101 2816 165 2879 iam
193 2815 380 2898 longinquis
406 2838 465 2898 per
492 2815 632 2880 hiemem
659 2818 810 2881 noctibus
839 2818 873 2880 in
901 2839 992 2903 agro,
1025 2819 1122 2882 sicuti

60 2931 87 2969 20
102 2905 182 2986 dixi,
215 2907 317 2966 terrae
349 2902 478 2968 Atticae
511 2908 797 2971 commentationes
825 2907 921 2970 hasce
948 2907 1058 2971 ludere
1086 2929 1123 2972 ac

101 2993 206 3056 facere
228 2991 334 3055 exorsi
353 3014 473 3075 sumus,
496 2992 615 3058 idcirco
635 3017 687 3059 eas
707 2995 929 3079 inscripsimus
948 2998 1122 3061 noctium

175 3173 261 3235 bsqq.
277 3167 362 3222 Macr.
377 3167 390 3220 1
408 3168 496 3237 praef.
512 3174 579 3237 2sq.
672 3174 703 3223 18
715 3188 774 3238 sqq.
789 3170 861 3224 Plin.
876 3172 965 3240 praef.
982 3177 1015 3224 23
1026 3189 1086 3239 sqq.

103 3246 136 3293 21
156 3238 230 3293 GLK
242 3238 269 3291 H
288 3244 348 3306 355,
369 3244 401 3293 19
423 3241 488 3294 ‘nox
507 3240 594 3294 etiam
614 3257 631 3294 a
649 3244 731 3295 nocte
749 3242 883 3308 noctium,
901 3243 977 3297 unda
994 3242 1123 3312 Agellius

102 3310 228 3364 noctium
248 3310 399 3364 atticarum
418 3310 571 3382 inscripsit’

175 3474 438 3543 sperassemus
458 3490 493 3530 ex
512 3477 581 3534 aad.
599 3475 653 3534 Gr.
665 3478 681 3549 q
694 3481 732 3533 la
753 3472 973 3532 auditionibus
994 3464 1054 3517 Gr.

145 3566 253 3609 Gsnnrvs
266 3571 301 3612 sd.
316 3572 342 3611 H
346 3575 431 3616 osius
1013 3555 1038 3600 Χ
