2460 3848
134 165 185 219 XX
538 162 743 218 PRAEFATIO

138 335 176 394 ad
199 334 342 394 Varronis
369 325 522 415 annales¹)
551 335 581 392 et
603 332 630 390 X
649 334 690 392 23
718 334 776 392 nisi
803 332 841 391 ad
869 332 998 392 eiusdem
1024 332 1060 391 de
1084 334 1146 391 vita

138 423 242 500 populi
264 422 391 482 Romani
412 422 505 482 libros
527 440 674 498 nusquam
696 423 863 481 nominatos
885 440 944 481 non
967 413 1096 501 bebec')

204 510 315 580 Quodsi
336 512 400 588 ipse
422 512 483 570 iem
505 512 537 571 in
559 512 638 570 huno
658 529 795 587 campum
813 510 956 570 descendo
974 511 1066 586 spinis
1085 511 1145 586 plc-

136 603 249 661 niorem
273 620 363 676 quam
385 598 539 674 fiuctibus,
561 600 613 658 ubi
635 600 718 659 nulla
735 599 839 658 Medea
857 601 955 659 aranti
973 599 1076 674 aderit,
1099 618 1146 657 me

138 690 249 750 similes
286 689 412 750 fortasse
448 687 687 765 exprobrationes
723 691 943 748 contracturum
975 707 1036 748 esse
1068 689 1147 747 haud

138 781 250 857 ignoro.
297 779 409 837 Tamen
435 797 487 854 spe
514 781 617 837 teneor
643 777 673 836 in
701 777 851 837 nonnullis
877 797 925 836 me
947 779 982 836 ut
1004 796 1081 837 nova
1103 777 1148 836 ita

135 870 165 928 et
192 887 263 927 vera
290 869 526 943 propositurum,
552 868 584 926 in
612 867 679 926 aliis
702 868 857 942 peritiores
879 867 1085 940 incitatorem,
1113 869 1148 925 ut

137 975 266 1016 errorem
293 955 459 1031 vitiumque
486 955 645 1033 profligent
672 957 724 1014 aut
750 974 813 1014 rem
837 955 1007 1015 inchoatam
1029 958 1146 1015 tantum

136 1047 196 1105 iam
224 1047 439 1119 consumment,
466 1047 498 1103 in
526 1043 662 1104 omnibus
689 1063 825 1121 campum
848 1044 1022 1104 liberiorem
1038 1045 1148 1120 quique

139 1134 267 1194 faciliori
288 1136 351 1193 iem
373 1133 494 1211 negotio
512 1134 588 1192 adiri
606 1134 709 1209 possit,
730 1133 942 1209 praebiturum.
984 1132 1049 1202 Qua
1066 1133 1096 1191 in
1116 1153 1148 1192 re

137 1227 172 1281 ut
193 1223 268 1282 mihi
291 1223 424 1296 fuerunt,
452 1224 493 1282 sic
517 1224 635 1296 ceteris,
663 1223 769 1298 quiin
792 1222 846 1281 bac
870 1241 960 1281 arena
982 1223 1148 1295 decurrant,

137 1314 205 1373 usui
236 1314 396 1390 gratosque
423 1312 486 1371 fore
513 1313 593 1372 locos
620 1311 731 1371 similes
759 1312 885 1370 aliorum
913 1313 1089 1387 scriptorum
1117 1313 1148 1369 in

138 1402 268 1461 editione
300 1400 458 1477 apparatui
490 1401 592 1460 critico
624 1403 800 1477 praemissos
829 1399 942 1459 confido
970 1401 1008 1459 ad
1034 1404 1148 1459 textum

138 1490 323 1563 servandum,
342 1489 514 1563 sanandum,
533 1490 728 1566 supplendum
746 1508 805 1548 non
819 1491 940 1548 minoris
955 1491 1045 1566 pretii
1059 1508 1149 1563 quam

137 1580 174 1638 ad
197 1580 295 1638 tontes
314 1577 403 1637 Gellii
425 1577 599 1653 plerumque
623 1576 743 1638 obrutos
764 1578 949 1656 detegendos.
990 1577 1069 1647 Quos
1088 1596 1148 1636 om-

137 1686 188 1727 nes
212 1667 351 1745 colligere
374 1685 554 1742 quamquam
577 1685 634 1726 non
658 1668 745 1726 unius
768 1667 896 1726 hominis
920 1668 964 1726 est
981 1668 1150 1741 multosque

136 1758 195 1816 huc
217 1755 399 1832 pertinentes
421 1775 468 1814 me
491 1755 602 1833 fugisse
624 1759 737 1815 certum
760 1759 814 1830 est,
837 1773 903 1814 cum
927 1756 974 1814 die
998 1756 1074 1815 diem
1099 1757 1150 1814 do-

137 1847 198 1905 ceri
228 1845 292 1921 ipse
322 1845 394 1904 satis
422 1847 559 1920 expertus
587 1846 656 1918 sim,
688 1847 788 1903 tamen
817 1845 855 1903 ad
882 1846 1069 1920 quaestiones
1097 1846 1150 1904 bas

139 1933 345 1994 discernendas
373 1933 404 1991 in
431 1936 516 2009 perte
539 1933 658 2008 quidem
681 1935 812 2009 capitum
835 1936 908 1993 satis
930 1934 1065 1992 idoneam
1089 1954 1150 1992 ma-

138 2025 246 2083 teriem
265 2041 312 2081 me
331 2021 534 2099 suppeditasse
553 2021 701 2081 affirmare
720 2023 821 2081 audeo.
859 2022 963 2098 Neque
982 2024 1060 2083 solus
1074 2024 1151 2082 bano

138 2112 219 2171 viam
237 2112 301 2170 inii.
339 2111 417 2170 Num
435 2114 553 2188 preater
571 2112 639 2171 illos
658 2112 737 2171 viros
755 2112 844 2188 paulo
863 2115 931 2189 post
948 2112 1151 2186 nominandos,

139 2221 265 2277 quorum
284 2202 392 2277 copias,
411 2219 591 2276 quamquam
610 2219 711 2259 eorum
726 2202 950 2260 ratiocinationi
963 2219 1022 2259 non
1037 2220 1152 2276 semper

141 2292 259 2364 accessi,
282 2290 387 2366 cupide
406 2290 528 2365 arripui,
547 2290 688 2365 aliosque,
706 2293 741 2348 ut
758 2291 790 2347 in
807 2288 957 2349 Macrobio
976 2289 1152 2362 Wissowam

141 2383 171 2439 et
198 2379 306 2452 Linke,
339 2380 429 2438 etiam
456 2377 547 2438 Hertz
580 2378 703 2437 eandem
731 2380 811 2437 viam
840 2379 957 2457 egregie
983 2381 1151 2454 praemuni·

141 2470 238 2541 verat,
261 2469 344 2528 cuius
368 2468 508 2543 exemplis
533 2486 567 2526 ex
589 2468 761 2540 Ammiano,
784 2468 890 2541 Nonio,
914 2461 1012 2547 aliis³)
1037 2487 1152 2527 coacer-

140 2559 219 2617 vatis
246 2558 281 2615 ut
307 2575 403 2633 pauca
430 2556 580 2630 adderem,
608 2555 741 2633 contigit.
793 2555 850 2615 Sed
878 2559 968 2615 etiam
995 2558 1077 2615 illius
1104 2558 1153 2615 vel

141 2647 275 2705 defuncti
311 2645 421 2704 auxilio
453 2647 485 2703 in
516 2644 562 2705 his
594 2645 785 2723 congerendis
817 2645 895 2720 quod
928 2646 1046 2706 adiutus
1079 2666 1152 2717 sum,

143 2753 274 2795 summae
297 2753 368 2812 erga
388 2753 435 2792 me
453 2734 588 2793 comitati
606 2733 727 2792 Ricardi
745 2733 893 2793 Foersteri
910 2734 1152 2794 Vratislaviensis

143 2823 242 2882 debeo.
288 2824 367 2882 Nam
395 2842 461 2882 cum
485 2822 576 2882 Hertz
600 2821 690 2882 Gellii
712 2822 872 2882 editionem
895 2825 1028 2883 criticam
1052 2843 1152 2902 exege-

142 2914 203 2972 tica
225 2912 443 2990 provooandam
466 2914 641 2989 suscepisset
664 2930 787 2986 eamque
809 2931 937 2989 operam,
960 2915 1042 2973 ouius
1062 2915 1153 2989 speci-

143 3021 211 3060 men
236 3002 267 3059 in
290 3001 386 3060 indice
409 3000 575 3059 scholarum
597 3000 876 3062 Vratislaviensium
900 3002 1078 3061 aestivarum
1103 3022 1153 3060 an-

145 3121 357 3131 *ῆι-ι-

216 3192 242 3258 1)
260 3188 312 3243 Vd.
333 3188 411 3243 etad
430 3188 505 3243 XVII
520 3195 561 3242 21.

217 3264 244 3330 2)
262 3260 304 3314 De
323 3259 435 3314 Sotione
458 3260 523 3328 περὶ
544 3257 697 3331 διαδόχων,
720 3262 833 3314 auctore
852 3260 953 3329 capitis
971 3261 984 3313 Ι
1002 3266 1028 3328 9,
1051 3276 1093 3314 res
1113 3265 1156 3314 oet

145 3331 346 3458 ffiffissffim,
369 3347 539 3400 quamquam
562 3331 621 3385 eius
644 3330 727 3398 κέρας
742 3327 906 3400 Ἀμαλθείας
923 3332 936 3385 Ι
954 3337 970 3383 8
989 3335 1018 3385 et
1035 3331 1122 3400 praef.
1139 3339 1154 3383 e

82 3484 157 3616 ι
195 3473 317 3595 Μὴ
336 3474 475 3544 &osculo
487 3475 619 3558 §ellim
654 3478 791 3556 .8osf1q.;
808 3479 857 3527 146
869 3491 934 3556 sqq..
961 3472 1046 3527 Nonii
1065 3473 1156 3556 Ionia

156 3552 175 3589 θ
258 3545 374 3599 dsunt
391 3561 427 3600 ex
445 3543 615 3602 editioneb
645 3543 754 3614 uallari,
772 3545 823 3599 sad
838 3561 953 3615 pugnus
969 3543 1154 3598 llerearrams.
