<?xml version="1.0" encoding="UTF-8"?>
<!DOCTYPE html PUBLIC "-//W3C//DTD XHTML 1.0 Transitional//EN"
    "http://www.w3.org/TR/xhtml1/DTD/xhtml1-transitional.dtd">
<html xmlns="http://www.w3.org/1999/xhtml" xml:lang="en" lang="en">
 <head>
  <title>
</title>
<meta http-equiv="Content-Type" content="text/html;charset=utf-8" />
  <meta name='ocr-system' content='tesseract 3.04.00' />
  <meta name='ocr-capabilities' content='ocr_page ocr_carea ocr_par ocr_line ocrx_word'/>
</head>
<body>
  <div class='ocr_page' id='page_1' title='image "agelliinoctivma00gellgoog_0162.png"; bbox 0 0 2460 3848; ppageno 0'>
   <div class='ocr_carea' id='block_1_1' title="bbox 597 192 1136 255">
    <p class='ocr_par' dir='ltr' id='par_1_1' title="bbox 597 192 1136 255">
     <span class='ocr_line' id='line_1_1' title="bbox 597 192 1136 255; baseline 0 0"><span class='ocrx_word' id='word_1_1' title='bbox 597 192 657 246; x_wconf 77' lang='lat'><strong>112</strong></span> <span class='ocrx_word' id='word_1_2' title='bbox 762 219 764 223; x_wconf 61' lang='grc'>’</span> <span class='ocrx_word' id='word_1_3' title='bbox 1092 192 1136 255; x_wconf 80' lang='grc'><strong>93</strong></span> 
     </span>
    </p>
   </div>
   <div class='ocr_carea' id='block_1_2' title="bbox 74 355 1182 2808">
    <p class='ocr_par' dir='ltr' id='par_1_2' title="bbox 82 355 1137 704">
     <span class='ocr_line' id='line_1_2' title="bbox 82 355 1136 441; baseline -0.003 -20"><span class='ocrx_word' id='word_1_4' title='bbox 82 433 88 439; x_wconf 38' lang='grc'><em>,</em></span> <span class='ocrx_word' id='word_1_5' title='bbox 119 378 194 421; x_wconf 91' lang='lat' dir='ltr'><strong>cum</strong></span> <span class='ocrx_word' id='word_1_6' title='bbox 225 357 382 437; x_wconf 90' lang='lat' dir='ltr'><strong>filiorum,</strong></span> <span class='ocrx_word' id='word_1_7' title='bbox 418 355 475 438; x_wconf 92' lang='lat' dir='ltr'><strong>qui</strong></span> <span class='ocrx_word' id='word_1_8' title='bbox 506 356 541 418; x_wconf 92' lang='lat' dir='ltr'><strong>in</strong></span> <span class='ocrx_word' id='word_1_9' title='bbox 572 356 763 441; x_wconf 80' lang='lat' dir='ltr'><strong>magistratu</strong></span> <span class='ocrx_word' id='word_1_10' title='bbox 796 359 884 436; x_wconf 86' lang='lat' dir='ltr'><strong>sunt,</strong></span> <span class='ocrx_word' id='word_1_11' title='bbox 921 355 1136 437; x_wconf 71' lang='lat' dir='ltr'><strong>potestatibus</strong></span> 
     </span>
     <span class='ocr_line' id='line_1_3' title="bbox 119 444 1136 527; baseline -0.003 -18"><span class='ocrx_word' id='word_1_12' title='bbox 119 446 238 509; x_wconf 91' lang='lat' dir='ltr'><strong>collata</strong></span> <span class='ocrx_word' id='word_1_13' title='bbox 265 445 512 526; x_wconf 77' lang='lat' dir='ltr'><strong>interquiescere</strong></span> <span class='ocrx_word' id='word_1_14' title='bbox 539 444 707 527; x_wconf 89' lang='lat' dir='ltr'><strong>paululum</strong></span> <span class='ocrx_word' id='word_1_15' title='bbox 735 448 767 508; x_wconf 88' lang='lat' dir='ltr'><strong>et</strong></span> <span class='ocrx_word' id='word_1_16' title='bbox 795 445 956 525; x_wconf 85' lang='lat' dir='ltr'><strong>conivere,</strong></span> <span class='ocrx_word' id='word_1_17' title='bbox 984 444 1039 507; x_wconf 92' lang='lat' dir='ltr'><strong>sed</strong></span> <span class='ocrx_word' id='word_1_18' title='bbox 1063 464 1136 507; x_wconf 92' lang='lat' dir='ltr'><strong>cum</strong></span> 
     </span>
     <span class='ocr_line' id='line_1_4' title="bbox 119 532 1137 616; baseline -0.002 -19"><span class='ocrx_word' id='word_1_19' title='bbox 119 538 210 597; x_wconf 89' lang='lat' dir='ltr'><strong>extra</strong></span> <span class='ocrx_word' id='word_1_20' title='bbox 230 532 463 616; x_wconf 83' lang='lat' dir='ltr'><strong>rempublicam</strong></span> <span class='ocrx_word' id='word_1_21' title='bbox 482 535 516 596; x_wconf 94' lang='lat' dir='ltr'><strong>in</strong></span> <span class='ocrx_word' id='word_1_22' title='bbox 535 534 762 597; x_wconf 90' lang='lat' dir='ltr'><strong>domesticare</strong></span> <span class='ocrx_word' id='word_1_23' title='bbox 781 537 878 615; x_wconf 91' lang='lat' dir='ltr'><strong>atque</strong></span> <span class='ocrx_word' id='word_1_24' title='bbox 895 534 963 597; x_wconf 81' lang='lat' dir='ltr'><strong>vita</strong></span> <span class='ocrx_word' id='word_1_25' title='bbox 981 533 1137 614; x_wconf 84' lang='lat' dir='ltr'><strong>sedeatur,</strong></span> 
     </span>
     <span class='ocr_line' id='line_1_5' title="bbox 120 622 1137 704; baseline -0.001 -19"><span class='ocrx_word' id='word_1_26' title='bbox 120 623 315 704; x_wconf 87' lang='lat' dir='ltr'><strong>ambuletur,</strong></span> <span class='ocrx_word' id='word_1_27' title='bbox 344 623 378 685; x_wconf 92' lang='lat' dir='ltr'><strong>in</strong></span> <span class='ocrx_word' id='word_1_28' title='bbox 406 623 554 686; x_wconf 80' lang='lat' dir='ltr'><strong>convivio</strong></span> <span class='ocrx_word' id='word_1_29' title='bbox 581 643 710 704; x_wconf 90' lang='lat' dir='ltr'><strong>quoque</strong></span> <span class='ocrx_word' id='word_1_30' title='bbox 732 622 885 685; x_wconf 89' lang='lat' dir='ltr'><strong>familiari</strong></span> <span class='ocrx_word' id='word_1_31' title='bbox 907 622 1137 702; x_wconf 79' lang='lat' dir='ltr'><strong>discumbatur,</strong></span> 
     </span>
    </p>

    <p class='ocr_par' dir='ltr' id='par_1_3' title="bbox 92 711 1181 1148">
     <span class='ocr_line' id='line_1_6' title="bbox 92 711 1137 796; baseline -0.003 -21"><span class='ocrx_word' id='word_1_32' title='bbox 92 714 190 781; x_wconf 75' lang='lat' dir='ltr'><strong>stum</strong></span> <span class='ocrx_word' id='word_1_33' title='bbox 213 712 297 774; x_wconf 90' lang='lat' dir='ltr'><strong>inter</strong></span> <span class='ocrx_word' id='word_1_34' title='bbox 319 712 424 775; x_wconf 89' lang='lat' dir='ltr'><strong>filium</strong></span> <span class='ocrx_word' id='word_1_35' title='bbox 447 712 673 796; x_wconf 83' lang='lat' dir='ltr'><strong>magistratum</strong></span> <span class='ocrx_word' id='word_1_36' title='bbox 696 714 729 773; x_wconf 89' lang='lat' dir='ltr'><strong>et</strong></span> <span class='ocrx_word' id='word_1_37' title='bbox 751 714 875 794; x_wconf 89' lang='lat' dir='ltr'><strong>patrem</strong></span> <span class='ocrx_word' id='word_1_38' title='bbox 899 711 1060 793; x_wconf 88' lang='lat' dir='ltr'><strong>privatum</strong></span> <span class='ocrx_word' id='word_1_39' title='bbox 1080 733 1137 792; x_wconf 90' lang='lat' dir='ltr'><strong>pu-</strong></span> 
     </span>
     <span class='ocr_line' id='line_1_7' title="bbox 120 799 1136 883; baseline -0.001 -21"><span class='ocrx_word' id='word_1_40' title='bbox 120 799 222 863; x_wconf 89' lang='lat' dir='ltr'><strong>blicos</strong></span> <span class='ocrx_word' id='word_1_41' title='bbox 250 799 389 864; x_wconf 89' lang='lat' dir='ltr'><strong>honores</strong></span> <span class='ocrx_word' id='word_1_42' title='bbox 418 821 553 882; x_wconf 89' lang='lat' dir='ltr'><strong>cessare,</strong></span> <span class='ocrx_word' id='word_1_43' title='bbox 580 799 743 862; x_wconf 84' lang='lat' dir='ltr'><strong>naturales</strong></span> <span class='ocrx_word' id='word_1_44' title='bbox 770 802 803 862; x_wconf 89' lang='lat' dir='ltr'><strong>et</strong></span> <span class='ocrx_word' id='word_1_45' title='bbox 831 800 987 883; x_wconf 83' lang='lat' dir='ltr'><strong>genuinos</strong></span> <span class='ocrx_word' id='word_1_46' title='bbox 1011 799 1136 862; x_wconf 87' lang='lat' dir='ltr'><strong>exoriri.</strong></span> 
     </span>
     <span class='ocr_line' id='line_1_8' title="bbox 120 886 1181 973; baseline 0.001 -23"><span class='ocrx_word' id='word_1_47' title='bbox 120 886 205 951; x_wconf 72' lang='lat' dir='ltr'><strong>‘Hoc</strong></span> <span class='ocrx_word' id='word_1_48' title='bbox 227 889 348 973; x_wconf 84' lang='lat' dir='ltr'><strong>igitur,&#39;</strong></span> <span class='ocrx_word' id='word_1_49' title='bbox 371 890 478 972; x_wconf 93' lang='lat' dir='ltr'><strong>inquit</strong></span> <span class='ocrx_word' id='word_1_50' title='bbox 502 888 600 970; x_wconf 73' lang='lat' dir='ltr'><strong>‘quod</strong></span> <span class='ocrx_word' id='word_1_51' title='bbox 624 887 664 950; x_wconf 91' lang='lat' dir='ltr'><strong>ad</strong></span> <span class='ocrx_word' id='word_1_52' title='bbox 686 908 738 950; x_wconf 89' lang='lat' dir='ltr'><strong>me</strong></span> <span class='ocrx_word' id='word_1_53' title='bbox 763 887 905 968; x_wconf 87' lang='lat' dir='ltr'><strong>venistis,</strong></span> <span class='ocrx_word' id='word_1_54' title='bbox 929 887 1016 969; x_wconf 89' lang='lat' dir='ltr'><strong>quod</strong></span> <span class='ocrx_word' id='word_1_55' title='bbox 1039 889 1181 951; x_wconf 84' lang='lat' dir='ltr'><strong>collo-10</strong></span> 
     </span>
     <span class='ocr_line' id='line_1_9' title="bbox 120 976 1136 1061; baseline 0 -22"><span class='ocrx_word' id='word_1_56' title='bbox 120 978 249 1058; x_wconf 92' lang='lat' dir='ltr'><strong>quimur</strong></span> <span class='ocrx_word' id='word_1_57' title='bbox 266 998 362 1061; x_wconf 89' lang='lat' dir='ltr'><strong>nunc,</strong></span> <span class='ocrx_word' id='word_1_58' title='bbox 381 977 468 1060; x_wconf 90' lang='lat' dir='ltr'><strong>quod</strong></span> <span class='ocrx_word' id='word_1_59' title='bbox 487 977 525 1040; x_wconf 91' lang='lat' dir='ltr'><strong>de</strong></span> <span class='ocrx_word' id='word_1_60' title='bbox 540 976 656 1039; x_wconf 82' lang='lat' dir='ltr'><strong>officiis</strong></span> <span class='ocrx_word' id='word_1_61' title='bbox 670 976 894 1058; x_wconf 86' lang='lat' dir='ltr'><strong>disceptamus,</strong></span> <span class='ocrx_word' id='word_1_62' title='bbox 913 977 1039 1058; x_wconf 90' lang='lat' dir='ltr'><strong>privata</strong></span> <span class='ocrx_word' id='word_1_63' title='bbox 1053 977 1136 1039; x_wconf 92' lang='lat' dir='ltr'><strong>actio</strong></span> 
     </span>
     <span class='ocr_line' id='line_1_10' title="bbox 119 1063 1137 1148; baseline 0 -20"><span class='ocrx_word' id='word_1_64' title='bbox 119 1069 176 1129; x_wconf 91' lang='lat' dir='ltr'><strong>est.</strong></span> <span class='ocrx_word' id='word_1_65' title='bbox 217 1063 332 1148; x_wconf 88' lang='lat' dir='ltr'><strong>ltaque</strong></span> <span class='ocrx_word' id='word_1_66' title='bbox 350 1069 441 1128; x_wconf 92' lang='lat' dir='ltr'><strong>utere</strong></span> <span class='ocrx_word' id='word_1_67' title='bbox 460 1065 545 1147; x_wconf 92' lang='lat' dir='ltr'><strong>apud</strong></span> <span class='ocrx_word' id='word_1_68' title='bbox 563 1086 614 1127; x_wconf 93' lang='lat' dir='ltr'><strong>me</strong></span> <span class='ocrx_word' id='word_1_69' title='bbox 633 1065 684 1127; x_wconf 90' lang='lat' dir='ltr'><strong>his</strong></span> <span class='ocrx_word' id='word_1_70' title='bbox 703 1063 880 1144; x_wconf 90' lang='lat' dir='ltr'><strong>honoribus</strong></span> <span class='ocrx_word' id='word_1_71' title='bbox 900 1065 998 1145; x_wconf 91' lang='lat' dir='ltr'><strong>prius,</strong></span> <span class='ocrx_word' id='word_1_72' title='bbox 1020 1065 1137 1147; x_wconf 87' lang='lat' dir='ltr'><strong>quibus</strong></span> 
     </span>
    </p>

    <p class='ocr_par' dir='ltr' id='par_1_4' title="bbox 78 1153 931 1236">
     <span class='ocr_line' id='line_1_11' title="bbox 78 1153 931 1236; baseline -0.004 -19"><span class='ocrx_word' id='word_1_73' title='bbox 78 1185 105 1224; x_wconf 80' lang='lat'><strong>10</strong></span> <span class='ocrx_word' id='word_1_74' title='bbox 120 1153 208 1217; x_wconf 90' lang='lat' dir='ltr'><strong>domi</strong></span> <span class='ocrx_word' id='word_1_75' title='bbox 231 1175 360 1236; x_wconf 93' lang='lat' dir='ltr'><strong>quoque</strong></span> <span class='ocrx_word' id='word_1_76' title='bbox 384 1157 507 1216; x_wconf 88' lang='lat' dir='ltr'><strong>vestrae</strong></span> <span class='ocrx_word' id='word_1_77' title='bbox 530 1156 563 1216; x_wconf 88' lang='lat' dir='ltr'><strong>te</strong></span> <span class='ocrx_word' id='word_1_78' title='bbox 586 1153 635 1215; x_wconf 94' lang='lat' dir='ltr'><strong>uti</strong></span> <span class='ocrx_word' id='word_1_79' title='bbox 657 1153 798 1234; x_wconf 89' lang='lat' dir='ltr'><strong>priorem</strong></span> <span class='ocrx_word' id='word_1_80' title='bbox 821 1153 931 1214; x_wconf 89' lang='lat' dir='ltr'><strong>decet&#39;</strong></span> 
     </span>
    </p>

    <p class='ocr_par' dir='ltr' id='par_1_5' title="bbox 164 1238 1180 1323">
     <span class='ocr_line' id='line_1_12' title="bbox 164 1238 1180 1323; baseline 0.001 -19"><span class='ocrx_word' id='word_1_81' title='bbox 164 1240 253 1305; x_wconf 93' lang='lat' dir='ltr'><strong>Haec</strong></span> <span class='ocrx_word' id='word_1_82' title='bbox 290 1246 387 1323; x_wconf 89' lang='lat' dir='ltr'><strong>atque</strong></span> <span class='ocrx_word' id='word_1_83' title='bbox 424 1241 487 1303; x_wconf 88' lang='lat' dir='ltr'><strong>alia</strong></span> <span class='ocrx_word' id='word_1_84' title='bbox 523 1241 557 1302; x_wconf 95' lang='lat' dir='ltr'><strong>in</strong></span> <span class='ocrx_word' id='word_1_85' title='bbox 591 1241 724 1303; x_wconf 90' lang='lat' dir='ltr'><strong>eandem</strong></span> <span class='ocrx_word' id='word_1_86' title='bbox 756 1241 948 1303; x_wconf 90' lang='lat' dir='ltr'><strong>sententiam</strong></span> <span class='ocrx_word' id='word_1_87' title='bbox 981 1238 1180 1305; x_wconf 85' lang='lat' dir='ltr'><strong>Taurusll</strong></span> 
     </span>
    </p>

    <p class='ocr_par' dir='ltr' id='par_1_6' title="bbox 74 1325 1180 1589">
     <span class='ocr_line' id='line_1_13' title="bbox 74 1325 1180 1414; baseline 0 -22"><span class='ocrx_word' id='word_1_88' title='bbox 74 1340 76 1343; x_wconf 84' lang='grc'><strong>’</strong></span> <span class='ocrx_word' id='word_1_89' title='bbox 120 1331 261 1414; x_wconf 87' lang='lat' dir='ltr'><strong>graviter</strong></span> <span class='ocrx_word' id='word_1_90' title='bbox 284 1330 381 1392; x_wconf 92' lang='lat' dir='ltr'><strong>simul</strong></span> <span class='ocrx_word' id='word_1_91' title='bbox 404 1333 437 1391; x_wconf 92' lang='lat' dir='ltr'><strong>et</strong></span> <span class='ocrx_word' id='word_1_92' title='bbox 460 1329 594 1391; x_wconf 89' lang='lat' dir='ltr'><strong>comiter</strong></span> <span class='ocrx_word' id='word_1_93' title='bbox 613 1328 770 1392; x_wconf 92' lang='lat' dir='ltr'><strong>disseruit.</strong></span> <span class='ocrx_word' id='word_1_94' title='bbox 813 1325 897 1402; x_wconf 82' lang='lat' dir='ltr'><strong>Quid</strong></span> <span class='ocrx_word' id='word_1_95' title='bbox 916 1331 1023 1390; x_wconf 91' lang='lat' dir='ltr'><strong>autem</strong></span> <span class='ocrx_word' id='word_1_96' title='bbox 1043 1346 1180 1411; x_wconf 73' lang='lat' dir='ltr'><strong>superl‘r</strong></span> 
     </span>
     <span class='ocr_line' id='line_1_14' title="bbox 119 1413 1137 1500; baseline 0 -21"><span class='ocrx_word' id='word_1_97' title='bbox 119 1417 343 1479; x_wconf 84' lang='lat' dir='ltr'><strong>huiuscemodi</strong></span> <span class='ocrx_word' id='word_1_98' title='bbox 368 1417 469 1500; x_wconf 91' lang='lat' dir='ltr'><strong>patris</strong></span> <span class='ocrx_word' id='word_1_99' title='bbox 492 1421 589 1499; x_wconf 90' lang='lat' dir='ltr'><strong>atque</strong></span> <span class='ocrx_word' id='word_1_100' title='bbox 612 1417 672 1479; x_wconf 91' lang='lat' dir='ltr'><strong>filii</strong></span> <span class='ocrx_word' id='word_1_101' title='bbox 696 1416 804 1479; x_wconf 88' lang='lat' dir='ltr'><strong>officio</strong></span> <span class='ocrx_word' id='word_1_102' title='bbox 829 1416 914 1498; x_wconf 91' lang='lat' dir='ltr'><strong>apud</strong></span> <span class='ocrx_word' id='word_1_103' title='bbox 938 1413 1137 1479; x_wconf 80' lang='lat' dir='ltr'><strong>Claudium</strong></span> 
     </span>
     <span class='ocr_line' id='line_1_15' title="bbox 119 1504 1139 1589; baseline 0.001 -22"><span class='ocrx_word' id='word_1_104' title='bbox 119 1505 303 1589; x_wconf 80' lang='lat' dir='ltr'><strong>legerimus,</strong></span> <span class='ocrx_word' id='word_1_105' title='bbox 326 1527 393 1568; x_wconf 92' lang='lat' dir='ltr'><strong>non</strong></span> <span class='ocrx_word' id='word_1_106' title='bbox 415 1526 483 1569; x_wconf 89' lang='lat' dir='ltr'><strong>esse</strong></span> <span class='ocrx_word' id='word_1_107' title='bbox 507 1505 547 1568; x_wconf 91' lang='lat' dir='ltr'><strong>ab</strong></span> <span class='ocrx_word' id='word_1_108' title='bbox 565 1527 600 1569; x_wconf 89' lang='lat' dir='ltr'><strong>re</strong></span> <span class='ocrx_word' id='word_1_109' title='bbox 618 1506 724 1569; x_wconf 79' lang='lat' dir='ltr'><strong>visum</strong></span> <span class='ocrx_word' id='word_1_110' title='bbox 743 1508 800 1588; x_wconf 90' lang='lat' dir='ltr'><strong>est,</strong></span> <span class='ocrx_word' id='word_1_111' title='bbox 822 1507 860 1568; x_wconf 91' lang='lat' dir='ltr'><strong>ut</strong></span> <span class='ocrx_word' id='word_1_112' title='bbox 878 1504 1139 1568; x_wconf 88' lang='lat' dir='ltr'><strong>adscriberemus.</strong></span> 
     </span>
    </p>

    <p class='ocr_par' dir='ltr' id='par_1_7' title="bbox 80 1592 1182 2034">
     <span class='ocr_line' id='line_1_16' title="bbox 80 1592 1182 1679; baseline 0.002 -23"><span class='ocrx_word' id='word_1_113' title='bbox 80 1625 106 1666; x_wconf 78' lang='lat'><strong>15</strong></span> <span class='ocrx_word' id='word_1_114' title='bbox 120 1593 293 1658; x_wconf 89' lang='lat' dir='ltr'><strong>Posuimus</strong></span> <span class='ocrx_word' id='word_1_115' title='bbox 321 1595 422 1679; x_wconf 84' lang='lat' dir='ltr'><strong>igitur</strong></span> <span class='ocrx_word' id='word_1_116' title='bbox 449 1595 546 1658; x_wconf 84' lang='lat' dir='ltr'><strong>verba</strong></span> <span class='ocrx_word' id='word_1_117' title='bbox 573 1596 644 1678; x_wconf 87' lang='lat' dir='ltr'><strong>ipsa</strong></span> <span class='ocrx_word' id='word_1_118' title='bbox 667 1592 913 1678; x_wconf 82' lang='lat' dir='ltr'><strong>Quadrigarii</strong></span> <span class='ocrx_word' id='word_1_119' title='bbox 940 1615 984 1656; x_wconf 92' lang='lat' dir='ltr'><strong>ex</strong></span> <span class='ocrx_word' id='word_1_120' title='bbox 1009 1594 1182 1658; x_wconf 83' lang='lat' dir='ltr'><strong>annali13</strong></span> 
     </span>
     <span class='ocr_line' id='line_1_17' title="bbox 120 1681 1138 1770; baseline -0.002 -24"><span class='ocrx_word' id='word_1_121' title='bbox 120 1684 189 1746; x_wconf 90' lang='lat' dir='ltr'><strong>eius</strong></span> <span class='ocrx_word' id='word_1_122' title='bbox 213 1688 321 1747; x_wconf 92' lang='lat' dir='ltr'><strong>sexto</strong></span> <span class='ocrx_word' id='word_1_123' title='bbox 341 1684 378 1766; x_wconf 87' lang='lat' dir='ltr'><strong>(f.</strong></span> <span class='ocrx_word' id='word_1_124' title='bbox 393 1686 436 1746; x_wconf 80' lang='lat'><strong>57</strong></span> <span class='ocrx_word' id='word_1_125' title='bbox 450 1681 504 1770; x_wconf 82' lang='lat' dir='ltr'><strong>P.)</strong></span> <span class='ocrx_word' id='word_1_126' title='bbox 523 1684 746 1766; x_wconf 87' lang='lat' dir='ltr'><strong>transscripta:</strong></span> <span class='ocrx_word' id='word_1_127' title='bbox 769 1681 915 1746; x_wconf 89' lang='lat' dir='ltr'><strong>Deinde</strong></span> <span class='ocrx_word' id='word_1_128' title='bbox 937 1682 1033 1745; x_wconf 87' lang='lat' dir='ltr'><strong>facti</strong></span> <span class='ocrx_word' id='word_1_129' title='bbox 1052 1703 1138 1745; x_wconf 93' lang='lat' dir='ltr'><strong>con-</strong></span> 
     </span>
     <span class='ocr_line' id='line_1_18' title="bbox 121 1769 1138 1856; baseline -0.001 -21"><span class='ocrx_word' id='word_1_130' title='bbox 121 1772 223 1835; x_wconf 90' lang='lat' dir='ltr'><strong>sules</strong></span> <span class='ocrx_word' id='word_1_131' title='bbox 261 1771 510 1856; x_wconf 84' lang='lat' dir='ltr'><strong>Sempronius</strong></span> <span class='ocrx_word' id='word_1_132' title='bbox 548 1772 714 1837; x_wconf 79' lang='lat' dir='ltr'><strong>Graccus</strong></span> <span class='ocrx_word' id='word_1_133' title='bbox 751 1773 891 1835; x_wconf 89' lang='lat' dir='ltr'><strong>iterum</strong></span> <span class='ocrx_word' id='word_1_134' title='bbox 928 1770 964 1847; x_wconf 82' lang='lat' dir='ltr'><strong>Q.</strong></span> <span class='ocrx_word' id='word_1_135' title='bbox 996 1769 1138 1835; x_wconf 87' lang='lat' dir='ltr'><strong>Fabius</strong></span> 
     </span>
     <span class='ocr_line' id='line_1_19' title="bbox 120 1859 1138 1945; baseline -0.001 -21"><span class='ocrx_word' id='word_1_136' title='bbox 120 1859 320 1944; x_wconf 87' lang='lat' dir='ltr'><strong>Maximus,</strong></span> <span class='ocrx_word' id='word_1_137' title='bbox 343 1862 455 1926; x_wconf 86' lang='lat' dir='ltr'><strong>filius</strong></span> <span class='ocrx_word' id='word_1_138' title='bbox 478 1864 573 1944; x_wconf 89' lang='lat' dir='ltr'><strong>eius,</strong></span> <span class='ocrx_word' id='word_1_139' title='bbox 597 1863 662 1945; x_wconf 91' lang='lat' dir='ltr'><strong>qui</strong></span> <span class='ocrx_word' id='word_1_140' title='bbox 685 1862 814 1945; x_wconf 90' lang='lat' dir='ltr'><strong>priore</strong></span> <span class='ocrx_word' id='word_1_141' title='bbox 835 1882 931 1924; x_wconf 90' lang='lat' dir='ltr'><strong>anno</strong></span> <span class='ocrx_word' id='word_1_142' title='bbox 952 1864 1032 1924; x_wconf 92' lang='lat' dir='ltr'><strong>erat</strong></span> <span class='ocrx_word' id='word_1_143' title='bbox 1052 1881 1138 1924; x_wconf 91' lang='lat' dir='ltr'><strong>con-</strong></span> 
     </span>
     <span class='ocr_line' id='line_1_20' title="bbox 120 1948 1138 2034; baseline 0 -22"><span class='ocrx_word' id='word_1_144' title='bbox 120 1950 188 2013; x_wconf 91' lang='lat' dir='ltr'><strong>sul.</strong></span> <span class='ocrx_word' id='word_1_145' title='bbox 224 1948 271 2014; x_wconf 79' lang='lat' dir='ltr'><strong>Ei</strong></span> <span class='ocrx_word' id='word_1_146' title='bbox 290 1953 442 2015; x_wconf 86' lang='lat' dir='ltr'><strong>consuli</strong></span> <span class='ocrx_word' id='word_1_147' title='bbox 460 1956 569 2034; x_wconf 89' lang='lat' dir='ltr'><strong>pater</strong></span> <span class='ocrx_word' id='word_1_148' title='bbox 587 1950 798 2034; x_wconf 90' lang='lat' dir='ltr'><strong>proconsul</strong></span> <span class='ocrx_word' id='word_1_149' title='bbox 817 1951 967 2013; x_wconf 87' lang='lat' dir='ltr'><strong>obviam</strong></span> <span class='ocrx_word' id='word_1_150' title='bbox 987 1951 1026 2013; x_wconf 92' lang='lat' dir='ltr'><strong>in</strong></span> <span class='ocrx_word' id='word_1_151' title='bbox 1042 1971 1138 2032; x_wconf 90' lang='lat' dir='ltr'><strong>equo</strong></span> 
     </span>
    </p>

    <p class='ocr_par' dir='ltr' id='par_1_8' title="bbox 80 2037 1139 2475">
     <span class='ocr_line' id='line_1_21' title="bbox 80 2037 1139 2122; baseline -0.008 -15"><span class='ocrx_word' id='word_1_152' title='bbox 80 2037 260 2106; x_wconf 79' lang='lat' dir='ltr'><strong>revehens</strong></span> <span class='ocrx_word' id='word_1_153' title='bbox 297 2040 404 2102; x_wconf 83' lang='lat' dir='ltr'><strong>venit</strong></span> <span class='ocrx_word' id='word_1_154' title='bbox 440 2061 562 2122; x_wconf 91' lang='lat' dir='ltr'><strong>neque</strong></span> <span class='ocrx_word' id='word_1_155' title='bbox 599 2039 829 2102; x_wconf 89' lang='lat' dir='ltr'><strong>descendere</strong></span> <span class='ocrx_word' id='word_1_156' title='bbox 861 2039 1001 2119; x_wconf 84' lang='lat' dir='ltr'><strong>voluit,</strong></span> <span class='ocrx_word' id='word_1_157' title='bbox 1038 2039 1139 2119; x_wconf 91' lang='lat' dir='ltr'><strong>quod</strong></span> 
     </span>
     <span class='ocr_line' id='line_1_22' title="bbox 120 2126 1139 2209; baseline -0.001 -20"><span class='ocrx_word' id='word_1_158' title='bbox 120 2130 229 2209; x_wconf 90' lang='lat' dir='ltr'><strong>pater</strong></span> <span class='ocrx_word' id='word_1_159' title='bbox 253 2132 347 2208; x_wconf 91' lang='lat' dir='ltr'><strong>erat,</strong></span> <span class='ocrx_word' id='word_1_160' title='bbox 370 2131 420 2206; x_wconf 89' lang='lat' dir='ltr'><strong>et,</strong></span> <span class='ocrx_word' id='word_1_161' title='bbox 445 2127 544 2209; x_wconf 92' lang='lat' dir='ltr'><strong>quod</strong></span> <span class='ocrx_word' id='word_1_162' title='bbox 568 2129 755 2190; x_wconf 90' lang='lat' dir='ltr'><strong>intereos</strong></span> <span class='ocrx_word' id='word_1_163' title='bbox 780 2126 955 2190; x_wconf 89' lang='lat' dir='ltr'><strong>sciebant</strong></span> <span class='ocrx_word' id='word_1_164' title='bbox 976 2127 1139 2188; x_wconf 89' lang='lat' dir='ltr'><strong>maxima</strong></span> 
     </span>
     <span class='ocr_line' id='line_1_23' title="bbox 122 2214 1138 2296; baseline 0.001 -21"><span class='ocrx_word' id='word_1_165' title='bbox 122 2214 328 2276; x_wconf 89' lang='lat' dir='ltr'><strong>eoncordia</strong></span> <span class='ocrx_word' id='word_1_166' title='bbox 352 2216 570 2296; x_wconf 85' lang='lat' dir='ltr'><strong>convenire,</strong></span> <span class='ocrx_word' id='word_1_167' title='bbox 592 2216 753 2279; x_wconf 89' lang='lat' dir='ltr'><strong>lictores</strong></span> <span class='ocrx_word' id='word_1_168' title='bbox 776 2237 852 2278; x_wconf 92' lang='lat' dir='ltr'><strong>non</strong></span> <span class='ocrx_word' id='word_1_169' title='bbox 870 2215 953 2277; x_wconf 89' lang='lat' dir='ltr'><strong>ausi</strong></span> <span class='ocrx_word' id='word_1_170' title='bbox 972 2217 1060 2277; x_wconf 91' lang='lat' dir='ltr'><strong>sunt</strong></span> <span class='ocrx_word' id='word_1_171' title='bbox 1079 2214 1138 2277; x_wconf 89' lang='lat' dir='ltr'><strong>de-</strong></span> 
     </span>
     <span class='ocr_line' id='line_1_24' title="bbox 122 2301 1139 2384; baseline 0.002 -22"><span class='ocrx_word' id='word_1_172' title='bbox 122 2302 302 2364; x_wconf 89' lang='lat' dir='ltr'><strong>scendere</strong></span> <span class='ocrx_word' id='word_1_173' title='bbox 329 2303 471 2366; x_wconf 91' lang='lat' dir='ltr'><strong>iubere.</strong></span> <span class='ocrx_word' id='word_1_174' title='bbox 516 2301 591 2366; x_wconf 89' lang='lat' dir='ltr'><strong>Vbi</strong></span> <span class='ocrx_word' id='word_1_175' title='bbox 619 2304 726 2367; x_wconf 89' lang='lat' dir='ltr'><strong>iuxta</strong></span> <span class='ocrx_word' id='word_1_176' title='bbox 752 2305 872 2384; x_wconf 79' lang='lat' dir='ltr'><strong>venit,</strong></span> <span class='ocrx_word' id='word_1_177' title='bbox 900 2307 979 2366; x_wconf 90' lang='lat' dir='ltr'><strong>tum</strong></span> <span class='ocrx_word' id='word_1_178' title='bbox 1004 2303 1139 2365; x_wconf 93' lang='lat' dir='ltr'><strong>consul</strong></span> 
     </span>
     <span class='ocr_line' id='line_1_25' title="bbox 122 2388 1139 2475; baseline 0.004 -25"><span class='ocrx_word' id='word_1_179' title='bbox 122 2389 189 2450; x_wconf 88' lang='lat' dir='ltr'><strong>ait:</strong></span> <span class='ocrx_word' id='word_1_180' title='bbox 222 2388 325 2469; x_wconf 75' lang='lat' dir='ltr'><strong>‘quid</strong></span> <span class='ocrx_word' id='word_1_181' title='bbox 352 2390 533 2473; x_wconf 82' lang='lat' dir='ltr'><strong>postea?&#39;;</strong></span> <span class='ocrx_word' id='word_1_182' title='bbox 565 2391 684 2455; x_wconf 90' lang='lat' dir='ltr'><strong>lictor</strong></span> <span class='ocrx_word' id='word_1_183' title='bbox 711 2392 793 2475; x_wconf 92' lang='lat' dir='ltr'><strong>ille,</strong></span> <span class='ocrx_word' id='word_1_184' title='bbox 825 2392 890 2474; x_wconf 91' lang='lat' dir='ltr'><strong>qui</strong></span> <span class='ocrx_word' id='word_1_185' title='bbox 916 2390 1139 2474; x_wconf 89' lang='lat' dir='ltr'><strong>apparebat,</strong></span> 
     </span>
    </p>

    <p class='ocr_par' dir='ltr' id='par_1_9' title="bbox 80 2477 1139 2808">
     <span class='ocr_line' id='line_1_26' title="bbox 80 2477 1139 2562; baseline 0.001 -21"><span class='ocrx_word' id='word_1_186' title='bbox 80 2506 106 2546; x_wconf 77' lang='lat'><strong>25</strong></span> <span class='ocrx_word' id='word_1_187' title='bbox 122 2477 199 2541; x_wconf 91' lang='lat' dir='ltr'><strong>cito</strong></span> <span class='ocrx_word' id='word_1_188' title='bbox 224 2477 437 2559; x_wconf 82' lang='lat' dir='ltr'><strong>intellexit,</strong></span> <span class='ocrx_word' id='word_1_189' title='bbox 464 2477 669 2543; x_wconf 88' lang='lat' dir='ltr'><strong>Maximum</strong></span> <span class='ocrx_word' id='word_1_190' title='bbox 692 2482 962 2562; x_wconf 87' lang='lat' dir='ltr'><strong>proconsulem</strong></span> <span class='ocrx_word' id='word_1_191' title='bbox 986 2481 1139 2545; x_wconf 91' lang='lat' dir='ltr'><strong>descen-</strong></span> 
     </span>
     <span class='ocr_line' id='line_1_27' title="bbox 122 2565 1139 2652; baseline 0.003 -23"><span class='ocrx_word' id='word_1_192' title='bbox 122 2566 208 2629; x_wconf 90' lang='lat' dir='ltr'><strong>dere</strong></span> <span class='ocrx_word' id='word_1_193' title='bbox 245 2567 368 2630; x_wconf 88' lang='lat' dir='ltr'><strong>iussit.</strong></span> <span class='ocrx_word' id='word_1_194' title='bbox 423 2565 565 2631; x_wconf 83' lang='lat' dir='ltr'><strong>Fabius</strong></span> <span class='ocrx_word' id='word_1_195' title='bbox 601 2569 764 2651; x_wconf 91' lang='lat' dir='ltr'><strong>imperio</strong></span> <span class='ocrx_word' id='word_1_196' title='bbox 801 2573 909 2652; x_wconf 91' lang='lat' dir='ltr'><strong>paret</strong></span> <span class='ocrx_word' id='word_1_197' title='bbox 941 2575 978 2633; x_wconf 94' lang='lat' dir='ltr'><strong>et</strong></span> <span class='ocrx_word' id='word_1_198' title='bbox 1009 2570 1139 2632; x_wconf 87' lang='lat' dir='ltr'><strong>filium</strong></span> 
     </span>
     <span class='ocr_line' id='line_1_28' title="bbox 122 2656 1139 2741; baseline 0.005 -24"><span class='ocrx_word' id='word_1_199' title='bbox 122 2656 374 2738; x_wconf 79' lang='lat' dir='ltr'><strong>collaudavit,</strong></span> <span class='ocrx_word' id='word_1_200' title='bbox 398 2675 480 2719; x_wconf 91' lang='lat' dir='ltr'><strong>cum</strong></span> <span class='ocrx_word' id='word_1_201' title='bbox 503 2657 719 2740; x_wconf 88' lang='lat' dir='ltr'><strong>imperium,</strong></span> <span class='ocrx_word' id='word_1_202' title='bbox 742 2659 842 2738; x_wconf 92' lang='lat' dir='ltr'><strong>quod</strong></span> <span class='ocrx_word' id='word_1_203' title='bbox 865 2659 998 2741; x_wconf 92' lang='lat' dir='ltr'><strong>populi</strong></span> <span class='ocrx_word' id='word_1_204' title='bbox 1022 2661 1139 2739; x_wconf 88' lang='lat' dir='ltr'><strong>esset,</strong></span> 
     </span>
     <span class='ocr_line' id='line_1_29' title="bbox 120 2744 314 2808; baseline -0.005 -1"><span class='ocrx_word' id='word_1_205' title='bbox 120 2744 314 2808; x_wconf 89' lang='lat' dir='ltr'><strong>retineret.</strong></span> 
     </span>
    </p>
   </div>
   <div class='ocr_carea' id='block_1_3' title="bbox 121 2935 1139 3074">
    <p class='ocr_par' dir='ltr' id='par_1_10' title="bbox 121 2935 1139 3074">
     <span class='ocr_line' id='line_1_30' title="bbox 193 2935 1139 3003; baseline 0.002 -15"><span class='ocrx_word' id='word_1_206' title='bbox 193 2941 208 2987; x_wconf 82' lang='lat'><strong>2</strong></span> <span class='ocrx_word' id='word_1_207' title='bbox 229 2935 284 2990; x_wconf 85' lang='lat' dir='ltr'><strong>Cic.</strong></span> <span class='ocrx_word' id='word_1_208' title='bbox 299 2936 376 2990; x_wconf 88' lang='lat' dir='ltr'><strong>Brut.</strong></span> <span class='ocrx_word' id='word_1_209' title='bbox 392 2937 481 2989; x_wconf 89' lang='lat' dir='ltr'>XXIII</span> <span class='ocrx_word' id='word_1_210' title='bbox 493 2942 525 2990; x_wconf 89' lang='grc'><strong>91</strong></span> <span class='ocrx_word' id='word_1_211' title='bbox 542 2937 632 2989; x_wconf 86' lang='lat' dir='ltr'><strong>Amm.</strong></span> <span class='ocrx_word' id='word_1_212' title='bbox 643 2935 693 2988; x_wconf 88' lang='lat' dir='ltr'><strong>XX</strong></span> <span class='ocrx_word' id='word_1_213' title='bbox 703 2942 754 3002; x_wconf 79' lang='lat'><strong>5,2</strong></span> <span class='ocrx_word' id='word_1_214' title='bbox 865 2940 965 3003; x_wconf 80' lang='lat' dir='ltr'><strong>rosqq.</strong></span> <span class='ocrx_word' id='word_1_215' title='bbox 981 2936 1038 2989; x_wconf 88' lang='lat' dir='ltr'><strong>Liv.</strong></span> <span class='ocrx_word' id='word_1_216' title='bbox 1048 2935 1139 2990; x_wconf 87' lang='lat' dir='ltr'>XXIV</span> 
     </span>
     <span class='ocr_line' id='line_1_31' title="bbox 121 3005 807 3074; baseline 0.003 -15"><span class='ocrx_word' id='word_1_217' title='bbox 121 3011 164 3070; x_wconf 85' lang='grc'><strong>44,</strong></span> <span class='ocrx_word' id='word_1_218' title='bbox 181 3011 214 3059; x_wconf 88' lang='grc'><strong>10</strong></span> <span class='ocrx_word' id='word_1_219' title='bbox 229 3005 291 3059; x_wconf 87' lang='lat' dir='ltr'><strong>Val.</strong></span> <span class='ocrx_word' id='word_1_220' title='bbox 306 3006 380 3061; x_wconf 86' lang='lat' dir='ltr'><strong>Max.</strong></span> <span class='ocrx_word' id='word_1_221' title='bbox 396 3007 460 3074; x_wconf 81' lang='lat'><strong>112,</strong></span> <span class='ocrx_word' id='word_1_222' title='bbox 475 3014 492 3061; x_wconf 83' lang='grc'>4</span> <span class='ocrx_word' id='word_1_223' title='bbox 511 3007 584 3061; x_wconf 91' lang='lat' dir='ltr'><strong>Plut.</strong></span> <span class='ocrx_word' id='word_1_224' title='bbox 600 3007 667 3061; x_wconf 85' lang='lat' dir='ltr'><strong>Fab.</strong></span> <span class='ocrx_word' id='word_1_225' title='bbox 683 3007 756 3062; x_wconf 87' lang='lat' dir='ltr'><strong>Max.</strong></span> <span class='ocrx_word' id='word_1_226' title='bbox 773 3013 807 3061; x_wconf 79' lang='lat'><strong>24</strong></span> 
     </span>
    </p>
   </div>
   <div class='ocr_carea' id='block_1_4' title="bbox 120 3183 1140 3401">
    <p class='ocr_par' dir='ltr' id='par_1_11' title="bbox 120 3183 1140 3401">
     <span class='ocr_line' id='line_1_32' title="bbox 193 3183 1137 3257; baseline 0.001 -20"><span class='ocrx_word' id='word_1_227' title='bbox 193 3190 210 3237; x_wconf 85' lang='lat'>4</span> <span class='ocrx_word' id='word_1_228' title='bbox 228 3183 378 3238; x_wconf 86' lang='lat' dir='ltr'><strong>familiaris</strong></span> <span class='ocrx_word' id='word_1_229' title='bbox 397 3205 418 3237; x_wconf 89' lang='grc' dir='ltr'><strong>ω</strong></span> <span class='ocrx_word' id='word_1_230' title='bbox 435 3189 439 3254; x_wconf 91' lang='grc' dir='ltr'>Ι</span> <span class='ocrx_word' id='word_1_231' title='bbox 456 3184 648 3239; x_wconf 92' lang='lat' dir='ltr'><strong>discumbetur</strong></span> <span class='ocrx_word' id='word_1_232' title='bbox 666 3191 716 3238; x_wconf 81' lang='lat' dir='ltr'><strong>RV</strong></span> <span class='ocrx_word' id='word_1_233' title='bbox 729 3188 768 3256; x_wconf 83' lang='grc'><strong>119</strong></span> <span class='ocrx_word' id='word_1_234' title='bbox 788 3187 844 3257; x_wconf 88' lang='lat' dir='ltr'><strong>me]</strong></span> <span class='ocrx_word' id='word_1_235' title='bbox 864 3201 914 3239; x_wconf 92' lang='lat' dir='ltr'><strong>nos</strong></span> <span class='ocrx_word' id='word_1_236' title='bbox 933 3185 969 3237; x_wconf 72' lang='lat'><strong>12¹</strong></span> <span class='ocrx_word' id='word_1_237' title='bbox 986 3187 989 3254; x_wconf 78' lang='grc' dir='ltr'>Ι</span> <span class='ocrx_word' id='word_1_238' title='bbox 1005 3185 1083 3254; x_wconf 87' lang='lat' dir='ltr'><strong>prior</strong></span> <span class='ocrx_word' id='word_1_239' title='bbox 1101 3184 1137 3254; x_wconf 76' lang='lat' dir='ltr'><strong>ol</strong></span> 
     </span>
     <span class='ocr_line' id='line_1_33' title="bbox 120 3254 1139 3330; baseline 0 -23"><span class='ocrx_word' id='word_1_240' title='bbox 120 3254 199 3323; x_wconf 86' lang='lat' dir='ltr'><strong>prius</strong></span> <span class='ocrx_word' id='word_1_241' title='bbox 213 3255 269 3308; x_wconf 93' lang='lat' dir='ltr'><strong>huc</strong></span> <span class='ocrx_word' id='word_1_242' title='bbox 285 3272 374 3323; x_wconf 88' lang='lat' dir='ltr'><strong>usque</strong></span> <span class='ocrx_word' id='word_1_243' title='bbox 388 3256 491 3324; x_wconf 89' lang='lat' dir='ltr'><strong>quibus</strong></span> <span class='ocrx_word' id='word_1_244' title='bbox 505 3258 544 3330; x_wconf 62' lang='lat' dir='ltr'><strong>Pil</strong></span> <span class='ocrx_word' id='word_1_245' title='bbox 554 3263 587 3310; x_wconf 90' lang='lat'><strong>10</strong></span> <span class='ocrx_word' id='word_1_246' title='bbox 602 3257 645 3310; x_wconf 91' lang='lat' dir='ltr'><strong>uti</strong></span> <span class='ocrx_word' id='word_1_247' title='bbox 660 3260 836 3326; x_wconf 87' lang='lat' dir='ltr'><strong>oporterecet</strong></span> <span class='ocrx_word' id='word_1_248' title='bbox 849 3257 948 3329; x_wconf 61' lang='grc'><strong>1111115</strong></span> <span class='ocrx_word' id='word_1_249' title='bbox 964 3256 1088 3310; x_wconf 85' lang='lat' dir='ltr'><strong>annalib’</strong></span> <span class='ocrx_word' id='word_1_250' title='bbox 1099 3258 1139 3323; x_wconf 74' lang='grc' dir='ltr'><strong>ΒΗ</strong></span> 
     </span>
     <span class='ocr_line' id='line_1_34' title="bbox 123 3325 1140 3401; baseline -0.002 -21"><span class='ocrx_word' id='word_1_251' title='bbox 123 3331 155 3380; x_wconf 81' lang='grc'><strong>17</strong></span> <span class='ocrx_word' id='word_1_252' title='bbox 176 3325 263 3398; x_wconf 77' lang='lat' dir='ltr'><strong>(Ti.)</strong></span> <span class='ocrx_word' id='word_1_253' title='bbox 279 3325 384 3396; x_wconf 84' lang='lat' dir='ltr'><strong>Sempr.</strong></span> <span class='ocrx_word' id='word_1_254' title='bbox 399 3327 443 3382; x_wconf 82' lang='lat' dir='ltr'><strong>St.</strong></span> <span class='ocrx_word' id='word_1_255' title='bbox 458 3328 631 3401; x_wconf 67' lang='lat' dir='ltr'><strong>litorumque</strong></span> <span class='ocrx_word' id='word_1_256' title='bbox 646 3331 738 3397; x_wconf 66' lang='lat'><strong>021124</strong></span> <span class='ocrx_word' id='word_1_257' title='bbox 758 3328 829 3398; x_wconf 89' lang='lat' dir='ltr'><strong>quid</strong></span> <span class='ocrx_word' id='word_1_258' title='bbox 848 3331 960 3397; x_wconf 77' lang='lat' dir='ltr'><strong>opstat?</strong></span> <span class='ocrx_word' id='word_1_259' title='bbox 980 3325 1140 3391; x_wconf 76' lang='lat' dir='ltr'><strong>Hirschfeld</strong></span> 
     </span>
    </p>
   </div>
   <div class='ocr_carea' id='block_1_5' title="bbox 0 0 1234 3848">
    <p class='ocr_par' dir='ltr' id='par_1_12' title="bbox 0 0 1234 3848">
     <span class='ocr_line' id='line_1_35' title="bbox 0 0 1234 3848; baseline 0 0"><span class='ocrx_word' id='word_1_260' title='bbox 0 0 1234 3848; x_wconf 95' lang='lat' dir='ltr'><strong> </strong></span> 
     </span>
    </p>
   </div>
  </div>
 </body>
</html>
