2460 3848
143 155 189 208 LX
544 153 749 208 PRAEFATIO

145 327 281 400 quemvis
313 326 471 402 genuinam
499 343 620 383 manum
647 325 728 383 illius
756 323 909 400 scriptoris
936 343 996 382 non
1023 323 1161 398 reddant,

143 418 243 472 tamen
267 411 356 472 Gellii
383 417 453 472 sunt
480 432 514 471 ex
542 413 625 472 libris
653 414 824 489 depravatis
851 413 905 471 illa
919 432 989 473 ‘sua
1011 413 1161 488 facientis,

144 506 243 578 sieque
265 503 390 562 fortasse
408 502 439 561 Π
459 503 510 576 23,
530 504 572 561 20
591 494 633 582 (p.
655 503 727 576 128,
749 494 803 583 16)
827 501 1014 561 retinendum
1037 505 1103 561 erat
1122 501 1161 561 od

143 590 318 668 δυνάμενος,
341 610 408 650 eum
430 590 509 651 idem
532 591 612 668 apud
636 590 797 650 Stobeeum
820 593 997 667 inveniatur,
1021 593 1161 666 quamvis

143 683 174 738 in
206 683 271 756 ipso
299 681 461 740 Menandro
494 681 657 757 palmarem
690 684 792 756 putem
821 680 932 740 Zedolii
960 682 1162 739 mutationem

145 766 236 828 οὐδὲν
259 767 354 848 μέρος.

209 859 322 933 Restat,
346 862 380 917 ut
401 858 450 917 hie
471 877 587 934 quoque
606 860 720 935 gratms
740 877 828 936 agam
846 859 973 918 Ricardo
992 858 1162 934 Foerstero‚

144 949 226 1007 ouius
249 967 364 1006 summa
387 946 571 1025 benignitate
594 950 694 1023 copias
712 947 890 1007 Hertzianas
912 947 988 1005 mihi
1006 965 1162 1007 concessas

143 1055 205 1096 esse
233 1056 322 1114 supra
348 1036 531 1113 praedicavi,
558 1039 670 1113 optime
692 1038 738 1096 ita
761 1037 874 1095 dehac
897 1036 1027 1095 editione
1050 1038 1162 1095 merito

143 1129 173 1184 et
195 1125 352 1186 Pnanciseo
376 1124 543 1199 Skutsehm,
567 1127 650 1185 euius
674 1144 793 1202 operam
817 1144 884 1184 oum
907 1126 964 1185 toti
987 1124 1071 1201 operi
1094 1128 1163 1186 tum

143 1216 318 1294 fragmentis
345 1216 538 1290 antiquorum
565 1215 766 1274 scaenicorum
793 1217 934 1274 navatam
962 1215 1100 1289 quamvis
1127 1217 1163 1273 ut

143 1305 230 1364 amici
253 1304 346 1364 fusius
370 1304 507 1363 laudibus
531 1303 633 1363 efferre
654 1303 756 1378 nolim,
779 1307 814 1361 ut
831 1305 894 1379 ipse
913 1302 1037 1362 memori
1056 1304 1162 1362 animo

140 1412 230 1468 oneo,
253 1395 298 1452 ita
321 1392 396 1452 alios
420 1394 509 1470 plane
533 1395 672 1471 ignorare
695 1413 755 1452 non
779 1393 888 1469 patiar.

207 1518 420 1577 Monasterii
442 1536 541 1577 menae
564 1514 780 1576 Octobri-anni
805 1516 929 1576 MOMII.
