2460 3848
558 189 584 241 Π
604 194 635 242 12
1042 188 1105 252 107

89 355 242 437 scriptam
275 355 315 417 ad
347 352 431 416 hano
462 352 654 416 sententiam
684 350 772 434 (πολ.
793 349 905 434 'slepa
929 372 952 414 c.
977 351 1025 433 8):
1059 349 1107 415 ‘si

90 445 132 507 ob
161 442 352 505 discordiam
380 442 673 523 dissensionemque
696 441 811 504 seditio
833 443 931 522 atque
955 440 1106 503 discessio

90 532 204 614 populi
231 531 265 593 in
293 531 371 594 duas
396 534 503 613 partes
526 532 582 593 fiet
605 533 637 593 et
661 530 702 593 ob
726 552 797 593 eam
822 551 950 592 causam
973 529 1106 592 irritatis

90 621 206 683 animis
233 620 394 702 utrimque
422 642 511 682 arma
538 620 705 701 capientur
731 618 1006 703 pugnabiturque,
1036 621 1106 680 tum

63 742 75 781 5
91 709 147 790 qui
169 708 205 770 in
227 729 264 771 eo
287 712 432 791 tempore
454 709 610 790 incoque
629 727 705 770 casu
724 708 826 771 civilis
846 706 1022 770 discordiae
1040 727 1108 768 non

90 798 260 861 alterutrae
279 797 363 881 parti
383 819 451 860 sese
470 796 658 877 adiunxerit,
677 795 731 858 sed
751 795 914 858 solitarius
929 798 1107 877 separatus-

91 908 152 968 que
171 908 190 948 a
208 886 371 949 communi
390 887 475 949 malo
491 886 629 948 civitatis
645 885 817 965 secesserit,
836 885 863 947 is
878 885 983 966 domo,
1002 884 1107 966 patria

89 974 290 1056 fortunisque
315 974 464 1038 omnibus
488 977 608 1055 carate,
631 973 706 1036 exul
729 973 928 1054 extorrisque
952 971 1041 1035 esto?

156 1060 237 1126 Cum
260 1064 344 1126 hano
365 1065 470 1146 legem
491 1061 646 1126 Solonis
669 1061 825 1145 singulari
844 1061 1000 1142 sapientia
1019 1077 1133 1142 prae-2

49 1183 75 1224 10
89 1152 148 1214 diti
170 1153 369 1236 legissemus,
392 1151 497 1214 tenuit
515 1172 574 1213 nos
593 1151 700 1234 gravis
719 1149 876 1230 quaedam
894 1149 929 1210 in
947 1149 1106 1231 principio

89 1241 258 1303 admiratio
295 1239 474 1321 requirens,
511 1259 608 1320 quam
646 1238 687 1301 ob
725 1259 853 1300 causam
891 1237 1005 1319 dignos
1038 1258 1107 1300 esse

45 1347 49 1353 “
88 1349 193 1412 poena
216 1328 455 1407 existimaverit,
479 1327 535 1407 qui
559 1348 592 1389 se
615 1327 729 1410 procul
752 1349 770 1388 a
794 1326 950 1388 seditione
969 1328 1001 1387 et
1020 1326 1108 1387 civili

89 1438 199 1500 pugna
219 1416 438 1478 removissent.
480 1413 573 1497 Tum,
592 1416 648 1497 qui
666 1415 794 1499 penitus
814 1418 911 1497 atque
930 1414 994 1476 alte
1012 1429 1133 1476 usums

90 1524 127 1566 ac
150 1505 342 1567 sententiam
365 1503 446 1588 legis
469 1503 739 1586 introspexerunt,
767 1525 834 1567 non
856 1503 896 1566 ad
919 1502 1108 1586 augendam,

49 1625 75 1665 15
90 1593 145 1656 sed
164 1593 204 1655 ad
223 1593 428 1655 desinendam
445 1593 634 1656 seditionem
648 1594 754 1678 legem
768 1592 852 1655 hanc
866 1613 935 1655 esse
950 1590 1107 1654 dicebant.

89 1681 133 1744 Et
159 1703 209 1745 res
238 1703 385 1764 prorsum
414 1703 447 1744 se
475 1682 522 1744 sic
548 1681 676 1746 habent.
722 1680 807 1744 Nam
836 1681 863 1744 si
887 1681 965 1744 beni
989 1697 1135 1761 omnes,4

90 1771 146 1851 qui
173 1771 207 1833 in
234 1771 393 1853 principio
422 1772 614 1835 coercendae
642 1771 792 1834 seditioni
818 1771 956 1853 impares
979 1769 1108 1850 fuerint,

88 1861 246 1943 populum
278 1861 436 1942 percitum
469 1864 501 1923 et
533 1864 692 1924 amentem
725 1881 792 1922 non
821 1859 1031 1940 deseruerint,
1068 1858 1108 1920 ad

89 1949 275 2011 alterutram
299 1952 423 2031 partem
445 1948 544 2011 dividi
563 1970 631 2012 sese
650 1948 862 2029 adiunxerint,
885 1951 954 2010 tum
974 1947 1108 2028 eveniet,

49 2067 75 2104 ao
89 2040 125 2099 ut
154 2057 228 2099 cum
256 2037 335 2098 socii
362 2037 463 2120 partis
487 2058 631 2099 seorsum
654 2037 822 2117 utriusque
845 2036 965 2098 fuerint
989 2056 1108 2115 eaeque

89 2128 196 2205 partes
224 2123 264 2185 ab
288 2124 353 2204 his,
380 2126 417 2185 ut
440 2124 569 2186 maioris
592 2124 794 2186 auctoritatis
817 2124 909 2203 viris,
936 2123 1109 2205 temperari

90 2230 127 2272 ac
146 2211 215 2293 regi
234 2211 406 2291 coeperint,
426 2212 596 2273 concordia
614 2233 673 2294 per
691 2232 745 2273 eos
762 2211 967 2293 potissimum
981 2211 1109 2272 restitui

91 2298 318 2380 conciliarique
341 2298 454 2380 possit,
477 2299 553 2361 dum
577 2302 609 2362 et
633 2319 717 2379 suos,
740 2299 825 2380 apud
849 2319 931 2379 quos
955 2301 1038 2379 sunt,
1061 2319 1109 2361 re-

90 2389 172 2472 gunt
208 2390 305 2468 atque
342 2387 513 2449 mitificant
549 2391 581 2450 et
613 2387 810 2450 adversarios
844 2389 972 2449 sanatos
1005 2386 1108 2471 magis

49 2505 75 2545 25
91 2476 225 2558 cupiunt
248 2496 345 2556 quam
368 2476 519 2558 perditos.

156 2562 229 2627 Hoc
265 2564 349 2627 idem
382 2562 594 2627 Favorinus
631 2564 846 2647 philosophus
879 2565 963 2627 inter
993 2563 1135 2627 fratrese

90 2674 219 2736 quoque
246 2656 303 2716 aut
329 2654 450 2716 amicos
478 2653 661 2716 dissidentis
686 2657 833 2737 oportere
856 2653 926 2716 fieri
950 2652 1109 2735 censebat,

89 2745 126 2805 ut
154 2742 210 2824 qui
237 2742 272 2804 in
297 2742 402 2804 medio
427 2745 503 2805 sunt
524 2743 692 2824 utriusque
716 2743 816 2824 partis
840 2742 996 2824 benivoli,
1024 2743 1051 2804 si
1075 2742 1110 2804 in

90 2831 260 2893 concordia
287 2831 460 2894 adnitenda
486 2853 600 2914 parum
625 2831 825 2894 auctoritatis
850 2831 941 2913 quasi
964 2830 1109 2915 ambigui

47 2947 75 2988 ao
89 2919 185 2982 amici
212 2919 396 3002 habuerint,
424 2923 494 2983 tum
522 2920 615 2983 alteri
643 2921 677 2982 in
705 2920 838 2983 alteram
862 2922 986 3001 partem
1010 2919 1110 2982 disoe-

162 3135 177 3181 3
196 3128 256 3198 fiet]
272 3145 288 3186 ς
302 3129 382 3182 fieret
395 3149 416 3180 ω
433 3130 437 3196 Ι
454 3130 535 3182 iratis
547 3129 584 3181 1³¹
597 3131 606 3198 l
621 3134 636 3182 6
652 3129 789 3183 alterutra
802 3130 884 3198 parte
895 3149 916 3181 ω
931 3145 998 3183 corr.
1012 3129 1110 3183 Carrio

89 3199 127 3251 ad
143 3199 309 3252 alterutram
322 3201 433 3266 partem
449 3201 496 3254 Gr.
512 3204 521 3270 ΙΙ
537 3206 551 3252 7
570 3200 646 3254 malo
661 3201 711 3254 det.
729 3202 807 3272 Mdp.
823 3203 862 3268 l9
882 3200 1034 3268 singularis
1048 3199 1110 3251 ΡΨ

88 3272 250 3338 0111111110
274 3269 426 3340 quaedam]
441 3276 464 3322 R
487 3287 541 3340 que
562 3272 664 3325 adam
678 3277 701 3324 v
720 3287 775 3340 que
795 3271 947 3324 admodum
965 3270 1110 3339 (dmodum

88 3343 126 3394 iu,
138 3344 205 3410 ras.)
220 3346 240 3392 1⁵
253 3342 262 3405 ΙΙ
278 3346 310 3393 11
334 3341 508 3408 requirentes
523 3359 539 3394 σ
552 3343 561 3410 ΙΙ
576 3348 609 3395 14
632 3343 838 3410 introspexerat
856 3373 890 3382 -
909 3342 1024 3395 dicebat
1037 3345 1088 3392 BV
1100 3338 1110 3410 Η

89 3416 124 3464 18
148 3410 292 3465 demerint
303 3431 332 3463 a
351 3427 419 3465 corr.
436 3427 453 3469 ς
469 3413 472 3479 l
489 3411 583 3494 <sed>
604 3413 640 3465 ad
655 3415 704 3468 Gr.
720 3417 729 3482 {t
744 3418 777 3465 19
797 3412 907 3466 dividui
923 3413 971 3467 Gr.
992 3410 1110 3464 diuisis

88 3483 215 3536 dividiae
225 3481 394 3552 Loudprafil
404 3487 438 3534 20
453 3483 536 3536 sceris
547 3503 568 3535 ω
581 3482 585 3555 l
597 3499 686 3554 aeque
696 3490 716 3536 P
726 3483 878 3555 orestas
889 3474 1145 3533 mffix'u‘thssXX

90 3558 125 3606 30
145 3553 217 3606 alter
235 3553 265 3606 in
280 3573 301 3605 a
320 3569 387 3608 corr.
406 3553 505 3610 Carrio
