2460 3848
131 159 173 224 66
375 178 381 193 ·
602 157 615 210 1
635 164 667 211 12

86 339 120 403 12
132 320 195 387 Sed
227 344 263 385 ea
296 321 421 386 sortitio
454 344 493 385 ex
524 322 595 406 lege
622 320 722 404 Papia
753 344 820 385 non
850 321 1027 386 necessaria
1055 342 1142 386 nunc

130 411 232 475 videri
259 412 348 474 solet.
397 408 483 474 Nam
511 411 538 473 si
565 410 637 492 quis
664 410 800 474 honesto
827 413 899 475 loeo
927 414 1021 474 natus
1048 410 1142 474 adeat

131 499 316 584 pontificem
333 499 509 562 maximum
523 503 619 581 atque
635 500 747 564 offerat
760 499 801 562 ad
815 499 1027 564 sacerdotium
1040 499 1141 562 filiam

131 611 236 670 suam,
263 588 353 652 cuius
381 588 548 653 dumtaxat
576 589 671 652 salvis
698 588 890 672 religionum
914 588 1142 652 observationi-

130 679 191 741 bus
218 677 300 741 ratio
326 677 437 741 haberi
460 677 576 760 possit,
603 678 707 762 gratia
729 676 847 760 Papiae
869 679 950 762 legis
974 700 1031 761 per
1054 699 1142 741 sena-
1171 702 1184 743 a

131 771 202 831 tum
225 766 270 830 fit.

88 873 121 922 13
199 852 301 938 ‘Capi’
334 858 440 918 autem
472 855 563 939 virgo
596 859 766 938 propterea
797 855 861 919 dici
892 856 1031 938 videtur,
1067 855 1144 937 quia

131 945 293 1028 pontificis
316 944 447 1007 maximi
470 966 567 1008 manu
588 965 702 1026 prensa
721 945 761 1008 ab
781 966 818 1008 eo
837 949 977 1027 parente,
999 945 1034 1007 in
1052 945 1143 1008 cuius

87 1052 122 1101 14
131 1037 291 1118 potestate
318 1035 380 1115 est,
406 1034 506 1096 veluti
529 1033 614 1097 bello
638 1037 732 1116 capta
754 1033 930 1098 abducitur.
976 1031 1019 1097 In
1041 1033 1143 1097 libro

132 1123 254 1206 primo
280 1121 392 1186 Fabii
418 1121 585 1186 Pictoris
611 1121 664 1204 (fr.
683 1127 704 1186 4
723 1122 766 1186 Η.
785 1127 805 1186 1
823 1121 910 1206 Ba),
937 1144 1018 1204 quae
1045 1122 1185 1186 verbam

132 1212 317 1295 pontificem
350 1212 525 1274 maximum
558 1212 661 1276 dicere
694 1216 853 1294 oporteat,
885 1233 958 1276 oum
985 1212 1143 1295 virginem

133 1302 248 1384 capiat,
267 1301 420 1382 scriptum
435 1305 491 1365 est.
528 1300 577 1364 Ea
590 1301 687 1365 rerba
700 1300 780 1364 haec
794 1304 880 1365 sunt:
900 1298 1143 1364 Sacerdotem

132 1389 340 1472 Vestalem,
359 1411 453 1471 quae
473 1411 579 1454 saera
596 1389 731 1472 faciat,
749 1410 844 1472 quae
860 1391 919 1453 ius
934 1391 1007 1453 siet
1022 1410 1144 1453 sacer·

133 1479 258 1543 dotem
295 1477 489 1541 Vestalem
527 1478 652 1543 facere
688 1501 756 1561 pro
793 1480 936 1563 populo
974 1477 1143 1541 Romano

134 1567 366 1646 Quiritibus,
397 1568 455 1630 nti
487 1589 581 1649 quae
610 1568 754 1650 optima
780 1569 865 1652 lege
892 1567 981 1650 fuit,
1012 1568 1067 1631 ita
1093 1571 1187 1649 te,1s

133 1654 281 1736 Amata,
304 1655 421 1737 capio.

90 1760 123 1809 15
200 1743 348 1825 Plerique
375 1747 482 1807 autem
511 1743 606 1826 ‘capi’
634 1745 791 1829 virginem
820 1746 920 1809 solam
944 1745 1057 1809 debere
1081 1745 1145 1809 dici

133 1836 257 1915 putant.
304 1828 366 1894 sed
392 1831 537 1896 flamines
565 1853 693 1915 qnoque
721 1833 844 1916 Diales,
871 1835 948 1898 item
976 1833 1145 1916 pontifices

91 1925 166 1986 16et
197 1941 333 2005 augures
367 1919 461 2004 ‘capi'
495 1922 688 1986 dicebantur.
738 1922 773 1986 L.
798 1920 905 1986 Sulla
932 1945 1055 1986 rerum
1083 1943 1145 2007 ge-

134 2014 277 2095 starum
296 2010 397 2074 libro
417 2011 581 2074 secundo
601 2012 655 2092 (fr.
669 2016 693 2075 2
706 2010 761 2095 Ρ.)
779 2012 824 2076 ita
844 2013 983 2095 scripsit:
1006 2009 1040 2074 P.
1058 2009 1146 2075 Gor·
1161 2038 1190 2076 so

133 2100 274 2181 nelius,
292 2099 354 2163 cui
372 2099 532 2182 primum
552 2121 761 2185 cognomen
776 2098 906 2164 Sullae
922 2101 1145 2183 impositum

91 2204 124 2253 11
135 2193 205 2271 est,
222 2188 365 2252 flamen
382 2187 507 2252 Dialis
526 2194 669 2272 captus.
705 2189 747 2253 M.
763 2187 855 2253 Cato
876 2191 918 2253 de
934 2189 1147 2273 Lusitanis,

135 2299 215 2341 cum
236 2275 408 2341 Servium
428 2275 586 2342 Galbam
610 2279 805 2343 accusavit
827 2280 871 2361 (p.
890 2283 943 2362 27,
957 2282 980 2343 2
994 2278 1053 2360 J.):
1077 2277 1146 2342 Ta-

135 2389 217 2430 men
251 2366 383 2430 dicunt
415 2366 582 2432 deficere
614 2368 792 2431 voluisse.
846 2367 927 2452 Ego
959 2390 1014 2431 me
1046 2389 1146 2432 nunc

135 2458 222 2519 volo
255 2456 313 2518 ius
346 2456 593 2538 pontificium
626 2457 769 2540 optime
802 2458 912 2541 scire,
949 2457 1071 2519 iamne
1104 2479 1191 2522 ears

135 2565 248 2607 causa
279 2543 454 2625 pontifex
487 2545 636 2627 capiar?
670 2547 701 2609 si
732 2547 820 2610 volo
852 2546 1053 2630 augurium
1082 2567 1146 2628 op-

135 2633 226 2695 time
258 2636 401 2714 tenere,
434 2634 564 2715 ecquis
596 2656 650 2697 me
681 2634 726 2698 ob
754 2658 831 2699 rem
859 2657 937 2698 eam
965 2655 1146 2718 augurem

12 2779 14 2782 .
136 2721 286 2803 capiat?

208 2927 222 2974 s
239 2921 311 2976 Serv.
323 2921 477 2976 nvllsos
551 2923 937 2993 15Fest.p.189,21;198,7
1011 2931 1043 2978 21
1059 2924 1147 2978 Mser.

136 2993 149 3044 1
165 2998 206 3060 17,
221 2999 253 3046 as
274 2993 346 3047 GLK
359 2993 372 3046 Ι
387 2999 446 3061 110,
462 3000 477 3046 a
497 2994 579 3064 (Plus.
596 2990 663 3049 sall.
679 2999 705 3065 2)

208 3185 224 3232 5
247 3179 352 3249 Papiae
377 3181 474 3235 Carrio
496 3180 641 3251 popili(a)e
665 3203 686 3236 ω
707 3181 813 3251 Papiae
836 3183 903 3236 illae
922 3185 1007 3237 Hertz
1023 3184 1027 3250 Ι
1043 3199 1094 3252 per
1118 3200 1149 3237 se

136 3252 229 3303 ratum
252 3253 338 3320 111112
363 3251 437 3305 sicut
459 3251 594 3320 scriptum
615 3255 658 3321 ΡΙΙ
673 3259 705 3307 13
724 3253 793 3307 iussi
816 3257 845 3308 et
867 3257 959 3324 111115
983 3254 1148 3322 quiritibus-

137 3337 192 3390 que
210 3323 228 3393 β
245 3321 391 3389 quiritium
409 3339 426 3382 ς
442 3324 446 3391 Ι
462 3322 560 3392 utique
576 3344 597 3377 ω
614 3324 618 3391 Ι
633 3322 697 3379 fust
710 3325 780 3380 Scal.
795 3327 805 3394 ΙΙ
820 3330 853 3379 16
867 3325 976 3379 Armita
992 3327 1130 3396 Goettliny
1140 3328 1150 3399 ll

138 3397 172 3446 20
190 3393 232 3464 Ρ.]
247 3392 277 3446 Τ.
292 3398 315 3444 Β
328 3395 337 3462 ΙΙ
351 3399 385 3447 23
404 3393 527 3464 sergium
541 3416 562 3448 ω
577 3393 633 3448 Ser.
645 3411 661 3448 σ
673 3398 683 3465 ΙΙ
697 3401 730 3449 26
746 3395 781 3468 si]
795 3396 956 3466 iusPopma
968 3400 978 3466 ΙΙ
992 3401 1025 3449 27
1040 3398 1069 3450 et
1083 3398 1149 3463 quis

134 3466 261 3533 (quosr)
274 3486 297 3518 ω
311 3482 379 3520 corr.
397 3464 444 3520 Gr.
461 3469 466 3536 Ι
482 3466 517 3520 ob
536 3481 628 3519 meam
642 3488 663 3520 ω
683 3466 718 3520 ob
737 3484 800 3521 eam
812 3484 871 3521 rem
886 3486 901 3522 σ
919 3468 955 3521 ob
968 3483 1060 3522 meam
1075 3468 1150 3540 <au-

58 3602 71 3623 .
110 3532 200 3594 81117'1'
213 3534 391 3612 senentiam)
409 3555 431 3593 s.
449 3553 513 3594 eam
533 3554 649 3594 causam
669 3539 755 3596 Hertz
