2460 3848
161 181 225 238 XVI
564 182 768 238 PRAEFATIO

156 355 187 411 et
198 369 309 427 pauca,
328 353 436 428 quibus
454 370 562 412 nomen
580 353 733 428 scriptoris
752 356 885 428 apparet,
904 354 983 428 apud
1001 354 1172 430 Vopiscum,

156 440 357 517 Lactantium,
371 441 516 518 Servium,
531 441 741 519 Augustinum,
756 441 949 516 Priscianum,
968 445 998 501 et
1013 444 1171 518 permulta,

155 530 206 588 ubi
231 532 295 607 ipse
319 532 423 590 auctor
445 532 572 604 celatur,
600 549 659 605 quo
681 533 776 608 magis
800 532 959 606 expilatur,
987 531 1066 607 apud
1088 531 1171 608 Apu-

155 620 256 693 leium,
274 620 414 694 Nonium,
430 619 631 694 Ammiauum,
650 621 887 697 glossographos,
906 621 988 679 alios.
1026 619 1084 689 Qui
1101 623 1170 681 inde

156 728 174 767 a
207 709 324 767 saeculo
352 708 395 767 IX
427 710 533 767 horum
565 710 677 786 agmim
708 727 738 767 se
766 708 961 786 subiunguut,
993 709 1170 784 Einhardus,

155 797 281 856 Ioannes
318 796 556 872 sarisberiensis,
578 798 768 856 Vincentius
804 798 1037 872 Bellovacensis,
1072 798 1170 857 Adam

155 886 379 960 Balsamiensis,
402 888 456 945 alii
477 905 537 946 non
559 888 657 963 pauci,
680 888 791 946 nullius
815 888 853 946 ad
875 890 989 946 textum
1012 890 1170 947 restituen-

155 975 226 1034 dum
248 976 347 1052 pretii,
371 976 407 1034 ab
430 978 486 1035 hac
509 976 638 1035 editione
656 979 770 1035 minore
789 977 949 1036 amoliendi
967 980 1060 1035 erant.
1102 976 1169 1036 Uno

154 1065 219 1124 loco
247 1066 274 1122 X
300 1067 339 1123 17
368 1065 559 1125 Vincentium
591 1067 744 1140 exscripsi,
776 1064 828 1123 ubi
859 1066 920 1124 aha
951 1067 1042 1140 atque
1072 1064 1168 1125 Gellio

153 1154 242 1229 plura
269 1154 368 1229 affert,
395 1155 474 1229 quod
502 1173 684 1229 quamquam
711 1173 746 1213 ex
771 1154 936 1214 altofonte
960 1174 1027 1214 eum
1050 1158 1168 1215 scivisse

153 1245 241 1317 puto,
273 1245 351 1302 sicut
381 1247 412 1302 et
442 1243 568 1302 Ioannes
599 1242 822 1302 sarisberiensis
849 1243 864 1301 I
890 1246 930 1301 14
963 1263 998 1302 ex
1024 1244 1168 1303 Frontino

153 1333 241 1405 plura
273 1334 420 1410 suggessit
446 1332 567 1410 Hygino
596 1325 777 1413 Geffimo1),
808 1335 910 1391 tamen
936 1333 1025 1408 plane
1052 1336 1167 1409 suppri-

153 1439 232 1480 mere
256 1422 347 1479 nolui.

552 1543 764 1552 ——-

220 1686 333 1747 Gellius
370 1707 437 1747 cum
471 1689 579 1747 silvam
610 1690 762 1763 copiarum
795 1689 949 1747 collectam
981 1691 1168 1764 proponeret,

153 1775 321 1835 nominibus
340 1778 531 1852 antiquitatis
549 1778 755 1837 inclutissimis
771 1777 925 1836 schedulas
939 1795 1007 1836 suas
1021 1779 1168 1853 implevit,

152 1867 195 1938 ut,
215 1867 267 1940 qui
286 1867 405 1924 anullo
424 1867 554 1925 monitus
573 1869 635 1925 eius
654 1865 764 1924 librum
777 1867 942 1942 pervolvat,
960 1868 1032 1941 quin
1047 1869 1168 1942 stupeat

152 1954 270 2031 largum
292 1974 402 2030 penum
425 1955 585 2028 doctrinae,
608 1956 704 2014 facere
727 1973 787 2013 non
809 1957 911 2030 possit.
952 1955 1095 2014 Attamen
1120 1975 1167 2014 ac·

153 2045 283 2102 curatius
306 2046 338 2102 in
361 2045 458 2103 fontes
481 2046 544 2104 eius
566 2046 750 2120 inquirentes
773 2063 832 2102 nou
854 2045 933 2122 fugit
955 2042 1084 2103 Gellium
1106 2063 1167 2103 non

152 2150 206 2191 sua
228 2132 320 2191 solius
343 2152 433 2209 opera
455 2134 509 2192 hos
530 2133 685 2194 thesauros
703 2151 899 2207 coacervasse,
922 2133 973 2192 sed
990 2152 1049 2191 nou
1068 2136 1167 2192 minus

152 2241 183 2280 se
205 2223 401 2298 locupletasse
424 2223 568 2301 frugibus,
592 2224 718 2298 quaein
737 2223 842 2282 alienis
862 2225 941 2301 agris
959 2222 1165 2281 nascebantur.

152 2309 217 2379 Qua
239 2313 271 2368 in
293 2331 326 2370 re
348 2314 449 2370 tamen
472 2313 560 2390 longe
583 2313 709 2372 antistat
731 2313 869 2387 plurimis
891 2312 1013 2370 illarum
1031 2314 1166 2369 aetatum

151 2399 351 2475 scriptoribus.
401 2401 479 2458 Nam
511 2419 570 2459 non
601 2402 739 2461 sollemni
770 2419 871 2460 eorum
902 2419 983 2459 more
1001 2402 1166 2459 ,auctorum

151 2506 272 2547 suorum
308 2507 344 2546 ue
376 2491 598 2548 nomiuutorum
630 2489 749 2564 quidem
781 2491 890 2550 scrinia
921 2491 1078 2565 expilavit,
1114 2491 1167 2549 sed

150 2577 324 2652 plerumque
331 2570 357 2658 ²)
381 2577 505 2637 candide
527 2597 576 2637 eos
597 2597 657 2637 non
675 2578 762 2636 laude
781 2578 882 2638 debita
900 2578 1059 2637 defraudat
1076 2579 1166 2653 pleno

154 2704 367 2717 ψ

153 2783 258 2837 Gellius
272 2785 314 2838 bei
329 2785 404 2838 Vico.
419 2799 472 2838 ccc
486 2785 627 2838 Becuccc's
641 2782 740 2838 Philol.
756 2783 791 2836 LI
817 2787 895 2854 1892)
909 2802 936 2852 p.
954 2789 1013 2851 189,
1027 2783 1165 2836 Einhardi

149 2871 237 2907 unum
250 2854 326 2907 idem
337 2856 380 2908 Zu
389 2855 532 2910 111141εοῖ1111
544 2855 802 2924 Gerebicbtsqcelleu
838 2870 904 2909 cuce
913 2855 1016 2908 Archiv
1025 2854 1063 2907 XI
1073 2857 1165 2925 (1886)

151 2931 198 2992 63,
216 2926 260 2978 vd.
276 2927 305 2979 et
318 2925 418 2979 Philol.
433 2925 546 2980 XLVIII
560 2931 619 2980 564.
652 2925 760 2980 Novam
774 2925 858 2980 Gellii
872 2926 1165 2980 commemorationem

149 2996 180 3049 in
198 2996 320 3065 epistula
339 2996 443 3051 saeculi
461 2997 500 3050 IX
518 2997 586 3066 inda
606 2997 665 3051 avit
682 2997 849 3065 Duemmler,
867 2997 960 3051 Neues
978 2997 1080 3050 Archiv
1098 2997 1165 3051 XIII

150 3070 240 3137 (1887)
260 3073 320 3121 355.
358 3067 471 3122 Gloseas
495 3015 760 3122 aReiXerschcidio
779 3068 859 3138 (Mus.
879 3068 966 3122 Rheu.
986 3067 1050 3121 XVI
1066 3073 1164 3139 lsqq.)

151 3139 242 3192 editas
260 3139 364 3208 magis,
384 3155 469 3208 quam
487 3156 504 3193 a
522 3139 635 3194 Hertzio
653 3139 761 3194 factum
779 3142 834 3208 cet,
853 3140 1003 3209 adportes
1022 3140 1126 3193 vocavi.

222 3213 247 3279 1)
267 3209 321 3264 cfr.
335 3210 421 3264 Hertz
438 3210 527 3280 praef.
542 3210 631 3264 XXIX
649 3214 678 3265 et
695 3211 749 3280 Ip.
764 3217 807 3265 83.

161 3294 163 3298 ⁴
220 3287 247 3350 2)
265 3281 298 3334 ln
315 3281 396 3335 libris
409 3282 423 3335 I
436 3281 462 3335 V
475 3281 527 3336 XV
544 3285 642 3336 auctor
660 3282 721 3336 sine
738 3281 803 3336 fuco
822 3285 851 3336 et
868 3282 984 3336 fallacia
1002 3282 1165 3336 nominatur

148 3351 179 3405 in
207 3369 229 3406 c.
253 3352 267 3405 I
290 3359 319 3420 1,
347 3359 376 3418 2,
403 3360 433 3420 4,
462 3359 492 3420 6,
515 3359 544 3419 8,
569 3359 616 3421 10,
640 3360 687 3421 12,
712 3359 820 3422 13,10,
846 3360 891 3420 14,
915 3359 962 3422 203
987 3360 1033 3419 21,
1057 3359 1104 3420 23,
1129 3360 1163 3407 25

148 3422 222 3490 Vs,
242 3430 272 3491 8,
296 3430 424 3492 s,1-4;
449 3432 494 3491 14,
517 3430 563 3492 17,
585 3430 631 3492 18,
650 3429 684 3478 20
706 3424 758 3480 XV
778 3430 807 3494 1,
826 3431 855 3494 23
875 3430 904 3490 ὅ,
924 3431 953 3490 6,
974 3431 998 3492 7,
1017 3430 1046 3491 3,
1065 3430 1095 3489 8,
1116 3431 1163 3493 10,

134 3497 188 3552 m
204 3499 257 3558 17,
275 3501 326 3560 19,
344 3501 467 3564 23-27,
484 3501 532 3565 29,
547 3501 594 3562 30,
614 3498 741 3566 apparet,
760 3497 808 3551 aed
828 3496 1033 3566 quodammodo
1048 3496 1163 3550 abditus

67 3548 86 3629 l·
114 3555 375 3629 s³;16;24;26
398 3566 1167 3639 νσ,ι1,11,11111111,,11111111,1·,1·,11,
