2460 3848
597 193 623 246 Π
640 199 656 246 6
1093 196 1135 258 97

186 351 268 417 Item
292 354 380 417 aliud
402 354 623 419 huiuscemodi
645 355 884 439 reprehendunt
907 357 948 438 (q.
964 357 1030 420 ΙΙΙ
1038 359 1088 439 4):
1146 373 1162 421 3

404 496 489 579 quis
512 500 577 560 aut
600 496 819 581 Eurysthea
842 499 975 561 durum

164 587 229 648 aut
252 584 445 648 inlaudati
467 587 591 649 nescit
614 585 807 650 Busiridis
831 587 937 650 aras?

118 723 315 789 Inlaudati
338 748 452 808 parum
476 727 628 790 idoneum
650 727 785 790 verbum
809 749 877 791 esse
900 728 1011 791 dicunt
1031 750 1135 809 neque
1173 741 1175 745 ’

91 815 165 878 sid¹
184 815 261 877 satis
289 836 357 878 esse
386 815 426 877 ad
452 815 631 879 faciendam
660 816 806 879 scelerati
832 817 982 896 hominis
1001 817 1136 880 detesta-

118 903 250 984 tionem,
273 903 338 986 qui,
362 903 448 985 quod
470 903 615 986 hospites
640 904 784 968 omniurn
804 905 949 988 gentium
968 906 1135 969 immolare

119 991 233 1055 solitus
256 991 332 1073 fuit,
359 1012 426 1055 non
448 993 542 1055 laude
564 993 730 1076 indignus,
754 994 808 1056 sed
831 993 1042 1057 detestatione
1065 1015 1135 1057 exe-

119 1080 324 1162 crationeque
347 1081 447 1144 totius
472 1082 596 1165 generis
619 1080 754 1144 humani
777 1081 892 1166 dignus
916 1085 1007 1144 esset.

185 1166 268 1232 Item
291 1169 379 1232 aliud
401 1169 536 1232 verbum
560 1170 771 1252 culpaverunt
794 1169 848 1252 (A.
864 1168 901 1232 X
912 1170 1003 1252 314):
1145 1186 1162 1232 4

78 1335 104 1374 10
163 1331 230 1393 per
265 1311 435 1374 tunicam
473 1311 713 1393 squalentem
748 1331 839 1373 auro
871 1310 973 1373 latus
1005 1308 1136 1373 haurit

788 1401 975 1482 apertum,

119 1542 284 1620 tamquam
313 1540 340 1603 si
366 1562 433 1604 non
461 1541 646 1605 convenerit
672 1541 776 1604 dicere
800 1541 889 1603 ‘auro
914 1539 1136 1622 squalentem,

119 1629 272 1708 quoniam
301 1630 460 1693 nitoribus
489 1630 778 1713 splendoribusque
806 1629 876 1692 auri
903 1629 1061 1710 squaloris
1089 1629 1137 1690 in-

118 1716 220 1779 luvies
244 1717 286 1780 sit
309 1719 476 1782 contraria.

79 1830 104 1870 15
187 1802 249 1868 Sed
272 1806 310 1870 de
333 1807 431 1870 verbo
454 1829 612 1872 vexasse
635 1809 681 1871 ita
702 1807 888 1891 responderi
911 1827 1006 1889 posse
1028 1805 1162 1870 credcto

118 1891 286 1958 Vexasse
314 1917 411 1980 grave
436 1897 570 1959 verbum
593 1900 642 1960 est
664 1896 851 1978 factumque
875 1895 914 1958 ab
939 1915 977 1957 eo
1000 1894 1136 1975 videtur,

118 1982 205 2064 quod
228 1987 277 2047 est
301 1983 448 2065 ‘vehere’,
472 1984 505 2046 in
527 2005 591 2066 quo
610 1985 694 2048 inest
712 1985 761 2047 vis
780 1985 844 2047 iam
864 1983 1020 2065 quaedam
1040 1983 1137 2045 alieni

118 2071 256 2152 arbitrii3
274 2091 341 2132 non
359 2071 445 2133 enim
465 2071 515 2134 sui
533 2074 722 2154 potensest,
742 2073 798 2153 qui
811 2072 947 2135 vehitur.
986 2069 1135 2134 ‘Vexare'

119 2162 236 2236 autem,
260 2158 346 2237 quod
369 2178 408 2220 ex
432 2178 469 2220 eo
493 2159 683 2221 inclinatum
702 2162 759 2240 est,
782 2160 816 2220 vi
839 2162 935 2241 atque
954 2162 1046 2222 motu
1065 2180 1138 2241 pro·

78 2274 105 2312 ao
120 2244 172 2307 cul
191 2244 289 2306 dubio
308 2245 486 2307 vastiorest.
523 2244 608 2309 Nam
629 2246 685 2327 qui
702 2246 805 2308 fertur
823 2250 856 2309 et
873 2251 1022 2329 rapsatur
1041 2251 1136 2328 atque

119 2333 184 2395 huc
211 2335 307 2412 atque
335 2332 413 2395 illuc
440 2332 639 2413 distrahitur,
668 2333 695 2395 is
722 2334 831 2396 vexari
858 2336 988 2417 proprie
1011 2336 1137 2416 dicitur,

120 2420 215 2484 sicuti
240 2420 371 2483 ‘taxare'
397 2420 537 2501 pressius
561 2420 767 2502 crebriusque
788 2425 837 2485 est
856 2444 952 2504 quam
972 2423 1137 2507 tangere,

119 2509 204 2572 unde
226 2509 259 2571 id
280 2509 394 2591 procul
413 2507 511 2570 dubio
530 2509 721 2571 inclinatum
740 2512 796 2591 est,
820 2514 852 2573 et
872 2511 1012 2573 ‘iactare'
1032 2512 1135 2574 multo

118 2598 221 2662 fusius
249 2598 435 2681 largiusque
462 2599 512 2660 est
539 2618 636 2678 quam
665 2597 801 2678 ‘iacere'‚
829 2598 914 2660 unde
942 2597 975 2659 id
1002 2599 1137 2661 verbum

191 2814 207 2860 4
230 2805 578 2873 Macr.l.1.et1115,9
695 2811 710 2858 v
734 2807 824 2858 Amm.
844 2804 909 2857 XIV
929 2809 952 2870 v,
972 2811 1002 2872 83
1023 2811 1100 2871 11,a

120 2883 153 2929 15
165 2895 223 2946 sqq.
243 2878 328 2931 Macr.
344 2878 362 2931 1.
377 2878 395 2931 l.
412 2877 485 2931 Serv.
501 2880 530 2932 et
545 2877 618 2930 Serv.
633 2876 671 2945 pl.
688 2876 738 2930 ecl.
750 2876 789 2930 v]
799 2883 831 2930 76
843 2876 970 2945 (Probus)
980 2875 1024 2928 Ps.
1035 2876 1136 2929 Ascon.

120 2947 157 3002 ad
167 2948 221 3002 Cic.
233 2948 310 3002 Verr.
321 2949 333 3001 Ι
343 2954 367 3016 5,
379 2955 412 3002 12
422 2968 449 3018 p.
462 2954 512 3002 130
524 2947 568 3001 Or.
584 2948 648 3001 Isid.
660 2947 686 3000 X
696 2953 747 3001 280
856 2953 889 3000 22
907 2947 980 3001 Fest.
992 2965 1018 3016 p.
1030 2952 1090 3014 356,
1102 2953 1136 3001 21

191 3131 205 3179 7
231 3127 333 3194 dignus
355 3126 600 3194 Pldetcstati‘one
621 3127 711 3180 Mocr.
736 3125 771 3178 de
793 3125 998 3178 retractacione
1022 3125 1136 3193 (retrac-

118 3197 196 3250 tione
213 3200 242 3265 1²)
264 3216 284 3248 ω
306 3195 534 3266 detract(at)ione
547 3201 595 3249 22
614 3197 813 3266 deprecatione
831 3196 910 3266 Mdp.
926 3198 934 3265 ΙΙ
950 3202 982 3248 12
1003 3211 1137 3249 convene-

118 3268 168 3338 rit]
188 3271 211 3318 A
234 3268 321 3320 -erint
339 3286 360 3319 ω
374 3269 383 3334 ΙΙ
398 3273 431 3319 13
451 3268 715 3338 splendoribusque]
735 3272 758 3319 A
780 3266 1073 3336 splendidioribusque
1093 3287 1114 3318 ω
1128 3269 1137 3335 ΙΙ

120 3343 153 3391 16
175 3339 353 3407 tractumque
373 3338 463 3392 Macr.
478 3341 487 3408 ΙΙ
503 3344 535 3392 17
558 3340 603 3392 uis
622 3340 691 3411 iam]
710 3343 733 3390 A
751 3340 810 3391 iam
827 3338 872 3391 uis
892 3358 912 3391 ω
931 3339 989 3392 iam
1007 3338 1058 3392 del.
1073 3337 1117 3392 St.
1128 3339 1137 3405 l]

119 3414 154 3461 20
176 3409 340 3480 uastiorest]
359 3413 382 3460 A
402 3410 492 3464 Mace.
517 3410 685 3464 inclinatum
704 3411 748 3463 est
764 3429 784 3462 ω
804 3425 837 3463 ea
854 3426 878 3462 o.
893 3412 940 3474 23,
963 3408 1037 3462 cade
1055 3409 1139 3462 etiam

118 3478 217 3547 procul
241 3479 328 3534 dubio
351 3481 404 3535 bac
425 3481 567 3549 irrepsisse
588 3481 750 3536 dediderim
766 3480 855 3550 ]qui]
870 3483 895 3530 A
917 3481 1015 3530 Mser.
1031 3492 1090 3526 om
1105 3474 1163 3532 a&

119 3551 261 3620 rapsatur]
278 3555 301 3602 A
318 3552 449 3620 raptatur
463 3573 485 3606 ω
499 3554 510 3623 ]
522 3557 557 3607 22
576 3553 696 3625 taxare]
708 3549 817 3604 'iffi
832 3554 858 3601 1.
875 3551 973 3601 (Νι-ἱ

168 3646 275 3688 Gannrvs
288 3649 323 3690 ed.
338 3651 452 3696 Hosius
1005 3627 1029 3671 ‘l
