2460 3848
96 154 182 209 xnvr
498 108 703 207 canusino

162 322 235 381 XIII
255 326 273 382 2
298 343 333 381 ex
356 321 507 395 Suetonio,
532 323 584 398 qui
607 322 771 381 Varronem
794 322 830 380 de
853 322 948 398 poetis
971 319 986 377 l
1008 320 1110 380 reddit

97 407 165 492 (ltu.
187 413 242 486 26,
262 405 318 494 44)
326 404 351 493 l)
372 445 408 452 -
430 414 448 470 3
468 411 566 470 Verba
589 431 624 470 ex
647 411 831 470 orationibus
856 409 989 470 Caesaris
1013 410 1110 469 allata

97 503 247 579 assignare
265 503 416 577 potuimus
430 500 474 558 IV
490 501 569 575 16,8
589 500 631 558 IX
648 503 688 558 14
704 499 857 573 Caesellio,
870 500 898 557 V
911 501 950 557 13
965 499 1109 573 Masum'o,

95 590 167 649 V19
184 582 283 670 (va
295 582 328 671 9)
342 589 448 662 Probo,
466 591 545 648 inter
560 608 632 664 quos
647 592 673 647 si
687 591 734 648 hic
748 589 856 667 eligere
870 590 949 662 licet,
967 587 1109 646 ultimum

95 679 295 754 praetulerim.
327 678 442 753 Verrio,
461 698 548 755 quem
566 681 598 737 in
617 681 714 755 capite
734 676 835 736 artisl
853 680 891 735 15
909 679 975 752 plus
990 677 1110 736 deciens

95 769 243 843 nominat,
276 767 426 827 Charisius
458 785 488 826 se
517 768 681 844 applicasse
708 767 827 826 videtur
853 766 931 843 apud
959 768 1110 825 neminem

94 857 223 916 inveniri
256 859 448 916 necessitatem
479 875 533 933 pro
564 857 771 916 necessitudine
801 859 974 932 usurpatam
1006 855 1109 915 dicens

94 967 122 1022 p.
140 948 190 1018 99,
206 948 261 1021 22,
280 946 316 1004 de
334 948 504 1005 necessariis
517 945 564 1003 vd.
579 946 656 1005 Fest.
672 966 699 1021 p.
718 947 789 1020 162,
805 948 832 1004 9.
869 943 960 1004 Probi
978 946 1110 1022 vestigia

96 1053 238 1111 apparere
257 1034 395 1094 videntur
413 1036 504 1093 etiam
518 1035 599 1112 apud
612 1035 688 1092 Non.
702 1033 732 1092 ll
747 1056 774 1110 p.
792 1035 864 1108 173,
881 1039 896 1092 1
914 1027 1109 1114 (suavitudo),

98 1126 169 1197 173,
189 1125 229 1183 26
250 1115 448 1205 (sanctitudo),
466 1123 541 1181 vm
559 1143 587 1198 p.
608 1125 737 1197 493,12
758 1115 931 1203 (auritas).²)
969 1122 1109 1198 Sempro-

95 1213 138 1271 nii
168 1214 201 1270 in
233 1213 366 1290 exemplo
394 1210 507 1272 Gellius
535 1232 601 1272 cum
628 1213 692 1288 ipse
718 1213 895 1272 necessitudo
921 1230 989 1270 raro
1018 1229 1108 1272 sensu

95 1300 263 1361 adhibitum
284 1302 455 1377 invenisset,
477 1301 546 1361 inde
569 1305 732 1361 commotus
752 1302 877 1375 videtur,
900 1304 934 1360 ut
951 1299 1109 1360 thesauros

94 1391 210 1466 Berytii
224 1394 459 1467 perscmtaretur
475 1423 512 1431 -
532 1392 549 1449 5
565 1392 690 1450 fortasse
705 1410 739 1449 ex
753 1391 901 1449 Favorino
911 1383 980 1469 (Ru.
992 1383 1048 1472 61)
1066 1423 1104 1430 —

96 1482 113 1537 6
134 1498 169 1537 ex
187 1479 304 1558 Nigidii
321 1499 425 1539 comm
442 1498 565 1557 gramm.
580 1479 678 1536 XXIV
698 1471 762 1559 (Kr.
778 1481 819 1537 55
838 1479 894 1538 Me.
909 1498 976 1538 ann.
994 1471 1107 1560 718)8)

98 1601 135 1608 -
159 1570 176 1626 7
201 1588 236 1627 ex
259 1568 369 1642 eodem,
392 1570 475 1644 puto,
498 1569 550 1644 qui
572 1568 643 1625 XVI
664 1570 703 1626 15
728 1568 763 1627 de
786 1567 953 1644 perdicibus
976 1571 1007 1627 et
1024 1569 1106 1644 lepo-

94 1656 177 1716 ribus
199 1658 276 1715 mira
298 1659 451 1733 comperit,
475 1657 520 1715 ibi
541 1655 620 1715 haud
642 1659 754 1736 ignoto.
801 1657 886 1716 Certe
909 1677 968 1716 uon
992 1654 1108 1716 Gellius

94 1747 207 1822 primus
235 1745 438 1805 diversitatem
465 1747 544 1805 inter
566 1745 750 1805 Herodotum
778 1749 809 1806 et
830 1745 992 1805 Homerum
1014 1747 1106 1804 inter-

95 1834 246 1894 cedentem
269 1834 388 1893 detexit.
431 1834 490 1893 Cur
513 1854 585 1910 quos
609 1836 723 1912 placuit
739 1835 836 1895 libros
854 1835 1025 1895 Aristotelis
1046 1854 1108 1894 non

93 1924 224 1999 inspexit
250 1924 430 2000 inventaque
458 1926 677 1984 commentariis
705 1926 765 1984 suis
788 1922 933 1983 inseruit?
978 1923 1108 1998 Invenit,

94 2014 213 2088 opinor,
241 2015 290 2071 cui
312 2013 459 2086 adhaesit,
483 2016 633 2072 auctorem
655 2014 836 2090 relegentem
859 2013 898 2071 ad
921 2012 1108 2090 Stagiritam,

95 2121 183 2176 quem
220 2121 286 2161 cum
323 2102 473 2162 consulere
509 2103 541 2160 in
573 2104 673 2162 animo
704 2102 828 2162 haberet
859 2101 1007 2177 verbaque
1038 2103 1108 2178 ipsa

94 2191 244 2267 supplere,
272 2192 374 2251 omisit
401 2192 503 2267 aliqua
530 2209 620 2250 causa
646 2184 816 2273 seductus4)
843 2223 879 2231 —
907 2193 935 2264 9,
962 2193 1060 2265 1-4,
1087 2193 1104 2248 6

94 2299 128 2338 ex
148 2279 256 2338 Tirone
273 2281 293 2338 l.
312 2281 332 2338 l.
357 2272 423 2360 (cfr.
442 2279 493 2338 Kr.
514 2274 579 2360 63),
602 2279 715 2353 dubito,
738 2299 777 2338 an
800 2299 853 2357 per
874 2280 1013 2339 Verrium
1037 2272 1106 2359 (Ne.

96 2371 172 2443 227,
201 2362 293 2450 272),
323 2369 375 2445 qui
402 2373 433 2428 et
460 2368 685 2445 explicationem
713 2369 830 2428 Tironis
857 2369 943 2427 affert
970 2369 1106 2428 damnat·

94 2476 159 2531 que,
182 2457 208 2515 si
231 2457 318 2516 modo
341 2459 553 2535 supplementis
572 2457 709 2517 Muelleri
729 2479 757 2534 p.
778 2460 851 2531 301,
871 2459 911 2516 33
936 2477 1036 2517 sensus
1060 2478 1107 2517 re-

94 2546 216 2604 stitutus
235 2548 288 2618 est,
307 2548 338 2604 et
355 2567 384 2623 p.
400 2549 473 2620 290,
488 2548 506 2604 5
526 2566 628 2606 vocem
645 2565 757 2620 suppus
771 2579 812 2588 —
827 2550 951 2620 saurus
965 2566 1000 2605 ex
1014 2547 1106 2605 verbo

94 2631 205 2692 Graeco
225 2633 343 2694 deducit
360 2638 395 2694 ut
412 2633 525 2695 Gellius
543 2667 579 2674 —
600 2637 639 2693 10
659 2654 693 2693 ex
712 2635 881 2695 Labeonel.
895 2637 914 2693 l.
934 2639 964 2694 et
982 2635 1106 2713 Nigidio

95 2715 164 2802 (hle.
190 2723 252 2781 653
281 2722 332 2782 Kr.
357 2726 413 2798 67,
437 2717 493 2804 66)
618 2727 777 2797 12,1-4
807 2745 841 2783 ex
866 2723 1051 2798 Capitouel.
1076 2726 1107 2799 l,

95 2814 172 2931 tsq
196 2830 230 2869 ex
253 2769 429 2871 Varronel
451 2814 471 2871 l.
481 2715 589 2893 ⁶)Me
591 2814 668 2888 649,
693 2816 755 2872 667
784 2816 838 2873 Ru.
860 2817 914 2887 21,
939 2814 994 2870 67·
987 2770 1107 2895 ,72)8)

165 2969 191 3034 1)
209 2962 450 3034 Reifferscheidp.
466 2970 518 3017 424
528 2965 591 3019 adn
685 2969 711 3036 )
685 2965 783 3020 cfr
798 2964 874 3019 Beck
889 2971 921 3017 41
941 2964 992 3018 Ne
1008 2971 1068 3020 293.

165 3039 191 3105 9)
209 3036 333 3105 Roehrig
354 3041 386 3089 11
412 3035 614 3103 Svoboda123
635 3041 681 3104 76,
704 3054 738 3091 ex
756 3036 854 3090 Verrio
877 3036 926 3105 qui
949 3035 1105 3104 profectam

93 3124 153 3161 6666
173 3113 188 3174 ξ
208 3114 224 3160 4
243 3107 387 3161 contendit
406 3107 468 3162 coll.
487 3107 561 3161 Fest.
580 3126 607 3178 p.
629 3114 688 3174 169,
711 3106 846 3163 Merkeho
866 3106 978 3161 obsistit
996 3107 1043 3161 Kr.
1063 3114 1104 3162 76.

165 3183 191 3248 4)
210 3178 326 3232 Diversa
345 3181 410 3232 sunt
428 3177 569 3248 exempla,
587 3196 660 3248 quae
679 3179 799 3234 146696
818 3179 964 3249 congessit.

164 3254 191 3319 6)
209 3249 332 3319 Roehrig
352 3256 385 3303 11
404 3249 542 3305 vaoboda
561 3257 606 3318 14·
627 3253 718 3305 totum
737 3267 770 3304 ex
789 3251 918 3305 labeone
936 3249 1105 3304 translatum

94 3337 153 3375 6666
172 3323 256 3390 putat
273 3319 324 3375 Ne
340 3326 401 3388 272,
420 3321 468 3376 cfr.
483 3320 536 3375 Me.
552 3294 606 3376 ted
623 3338 686 3376 ann
703 3327 762 3375 719.

166 3391 304 3462 tE)tiam
319 3399 334 3459 6
350 3398 415 3460 taq.
431 3393 513 3447 Ateio
532 3394 669 3463 originem
685 3393 780 3447 deberi
794 3393 902 3447 iudicat
916 3392 1019 3446 Mirsch
1036 3395 1105 3448 Var-

93 3466 169 3519 ronis
186 3465 433 3530 6616606ψά
425 3481 483 3518 ram
501 3463 608 3533 obstat,
628 3465 703 3533 quod
721 3465 848 3518 etiamn.
867 3470 899 3518 13
919 3480 952 3517 ex
970 3464 1106 3519 Varronis

73 3547 128 3581 ret.
144 3535 222 3586 hum
290 3469 325 3586 I0
318 3536 491 3604 provenerit.
