2460 3848
153 172 179 226 X
555 171 759 227 PRAEFATIO

152 334 211 400 PV
238 342 362 401 inferior
389 343 446 417 est,
473 360 543 400 nam
567 341 679 402 Graeca
705 344 805 401 omnia
831 343 945 402 omittit
967 343 1064 418 spatio
1087 343 1167 400 litte·

153 450 254 489 rarum
277 431 390 490 relicto.

219 519 344 579 Accedit
367 519 414 578 his
436 520 585 580 codicibus
608 521 817 597 superstitibus
840 519 1017 596 Hieronymi
1037 519 1167 579 Buslidii

118 609 227 689 {lliber
254 600 316 690 (β),
348 611 431 668 cuius
464 627 646 684 quamquam
677 611 817 669 lectiones
844 609 1004 668 nonnullae
1032 611 1123 667 etiam
1151 629 1166 668 e

153 698 238 756 libris
265 697 309 756 IX
335 699 363 756 X
389 697 461 756 XVI
487 697 574 756 XVII
598 698 701 756 XVIII
728 701 857 758 1101110111
884 698 1030 772 tulenmt,
1057 701 1167 773 tamen,

154 806 221 846 cnm
248 788 335 865 longe
362 788 493 863 plurima
517 805 586 865 pars
610 787 648 845 ed
670 788 780 847 librum
802 787 817 844 I
839 789 1001 863 pertineat,
1028 789 1090 845 iam
1111 788 1167 846 hoc

153 876 218 934 loco
236 878 418 952 pertractare
436 877 544 953 placet.
580 876 677 937 Huius
693 879 833 936 notitiam
847 879 1000 953 acceptam
1012 876 1167 935 referimus

153 967 284 1023 maxime
312 984 326 1022 e
354 968 439 1041 perte
467 964 644 1041 LGarrioni3
674 985 770 1041 pauca
799 966 987 1024 contulerunt
1015 963 1168 1039 (lanterus,

153 1055 337 1128 Raevardus,
360 1055 523 1128 Fruterius,
547 1054 676 1131 Lipsius,
700 1054 874 1132 Giphanius,
897 1055 934 1112 el.
980 1054 1168 1113 Memorabili

154 1146 232 1201 certe
260 1146 291 1202 et
312 1145 432 1220 proprio
455 1144 550 1221 gradu
572 1144 624 1202 ille
647 1145 724 1202 liber
745 1145 824 1202 inter
846 1145 957 1203 ceteras
980 1144 1167 1203 membranas

154 1235 223 1290 stat.
264 1233 343 1291 Nam
366 1252 432 1292 cum
456 1235 484 1291 ei
505 1233 577 1292 illae
598 1235 699 1308 partes
722 1232 893 1308 deperditae
917 1232 1114 1309 eapitum12
1137 1235 1168 1291 et

154 1323 173 1379 3
197 1323 291 1380 insint
313 1325 344 1380 01
366 1325 435 1381 ante
457 1325 643 1398 protractum
666 1323 796 1382 codicem
818 1324 995 1398 rescriptum
1018 1322 1076 1380 nisi
1096 1320 1166 1379 inde

152 1429 212 1468 nen
234 1405 427 1485 innotuerint,
449 1413 511 1469 iam
533 1429 599 1486 spes
623 1413 739 1471 exsistit
757 1411 876 1470 affinem
894 1412 976 1469 illius
994 1410 1064 1468 libri
1082 1428 1166 1486 prae-

47 1503 49 1506 ⁴
153 1500 311 1558 clarissimi
333 1503 438 1558 natum
461 1519 532 1574 csse,
556 1503 634 1559 certe
657 1501 788 1559 codicem
811 1500 931 1577 grandis
955 1502 1045 1574 atque
1066 1501 1166 1577 gravis

152 1588 298 1664 ponderis.
336 1586 417 1656 Quae
436 1607 501 1664 spes
521 1590 728 1648 corroboratur
744 1589 828 1648 nobis
842 1589 1061 1648 invenientibus
1075 1590 1166 1647 etiem

152 1677 255 1735 XVIII
275 1679 303 1751 9,
324 1681 417 1753 lsqq.
445 1679 477 1734 in
505 1697 539 1736 eo
567 1679 629 1737 solo
657 1679 796 1736 lacunam
822 1677 902 1736 haud
926 1680 1014 1753 parui
1036 1678 1166 1736 ambitus

152 1767 328 1842 suppletam.
373 1766 517 1825 Attamen
544 1785 623 1843 spes,
651 1784 742 1842 quam
768 1769 830 1825 iam
857 1766 1041 1842 exploratam
1064 1769 1165 1842 opina-

152 1855 266 1929 bamur,
289 1873 342 1914 nos
365 1856 534 1914 frustratur.
576 1857 654 1914 Nam
677 1875 772 1931 neque
795 1857 933 1932 cognatio
955 1857 1034 1914 inter
1051 1850 1080 1914 A
1099 1857 1166 1934 θ1β

152 1946 246 2002 statui
272 1946 371 2018 potest
397 1946 540 2004 sexcentis
567 1946 640 2003 locis
667 1947 746 2004 inter
773 1963 803 2003 se
831 1944 1043 2020 discrepantes,
1070 1964 1165 2020 neque

153 2051 226 2107 quas
262 2035 397 2110 proprias
433 2035 574 2093 lectiones
606 2034 626 2112 β
658 2034 788 2108 exhibet,
820 2035 925 2092 ceteris
959 2034 1166 2092 anteferendae

151 2120 298 2180 videntur.
348 2124 427 2181 Nam
453 2124 599 2200 plurimae
626 2124 671 2181 ita
697 2124 943 2200 interpolatorem
970 2125 1103 2198 sapiunt,
1131 2127 1166 2182 ut

152 2213 243 2270 etiam
258 2213 290 2269 in
304 2212 426 2288 reIIquis
441 2204 545 2271 ducem
558 2211 683 2270 infidum
697 2214 782 2288 sequi
795 2212 970 2271 dubitemus.
1008 2213 1048 2270 Et
1062 2231 1166 2287 quam·

152 2319 242 2375 quam
264 2319 323 2360 non
346 2304 445 2378 ipsum
468 2300 640 2360 Carrionem
661 2300 775 2361 fraudis
793 2301 962 2361 insimulari
978 2319 1064 2376 posse
1082 2305 1165 2377 puto,

152 2389 231 2463 quod
262 2391 399 2448 nonnulli
430 2392 564 2450 fecerunt
590 2423 627 2432 -
653 2411 723 2449 nam
755 2393 846 2449 etiam
878 2390 985 2448 menda
1014 2390 1122 2448 calami
1150 2412 1165 2450 e

151 2477 250 2536 codice
277 2479 330 2537 illo
358 2482 389 2538 et
413 2480 504 2538 verba
527 2482 636 2539 omissa
657 2481 785 2556 protulit
807 2499 915 2555 neque,
943 2498 1018 2554 quae
1041 2481 1166 2555 inuenit,

151 2568 251 2626 omnia
273 2569 336 2643 ipse
358 2568 467 2644 probat
487 2600 537 2642 -,
559 2571 660 2627 tamen
679 2569 777 2628 codice
798 2587 869 2627 usus
888 2571 933 2627 est
950 2587 1056 2628 manus
1073 2571 1165 2628 inter-

150 2656 294 2730 polatoris
325 2674 463 2733 perpesso
496 2659 617 2732 eiusque
650 2657 770 2716 audacis
800 2658 889 2716 simul
916 2659 947 2716 et
972 2660 1080 2733 inepti,
1113 2660 1166 2733 qui

150 2743 165 2800 Ι
186 2749 214 2818 7,
234 2747 252 2803 9
277 2765 344 2804 cum
366 2746 443 2804 illud
465 2745 507 2807 Ut.
528 2738 747 2828 (Qccdrc'pcric')
771 2746 941 2806 dissolverit
962 2749 994 2804 in
1017 2749 1165 2806 centesimo

150 2835 393 2909 qulnqucqceimc,
418 2837 512 2895 risum
534 2836 654 2894 moveat
676 2836 724 2894 vel
746 2828 879 2917 nroni1),
903 2854 970 2893 curn
991 2838 1063 2894 tunc
1087 2836 1165 2908 Quu-

151 2921 275 2996 drc'parc'c'
302 2925 383 2982 terlio
411 2926 545 2998 omittat,
573 2925 738 2983 consultam
766 2943 852 2983 suam
877 2923 980 3000 prodit
1003 2925 1164 2999 Interpola-

149 3013 269 3073 tionem.
311 3012 394 3072 Idem
418 3031 486 3072 cum
504 3015 657 3090 scripserit
674 3013 689 3071 l
710 3017 738 3088 9,
758 3016 777 3073 3
797 3015 868 3086 quic
886 3018 913 3072 01
929 3017 1040 3086 tempus
1058 3018 1165 3071 certum

149 3103 300 3169 statuebat,
319 3106 353 3160 ut
370 3106 502 3172 10111111,
519 3119 580 3162 noc
597 3104 629 3161 11
647 3119 744 3162 omncs
761 3103 846 3172 idom,
863 3105 914 3162 ced
932 3102 1000 3160 otiis
1014 3102 1097 3160 01111
1105 3120 1164 3175 pro

151 3234 201 3247 ...
220 3191 267 3249 Iis
288 3194 385 3249 cutem
406 3193 456 3264 quc
473 3192 605 3251 tacebunt
623 3196 649 3250 ct
666 3209 740 3265 quac
758 3211 817 3267 eqs.
837 3191 914 3250 unde
933 3194 1096 3250 commotus
1116 3194 1164 3264 sit,

149 3279 260 3337 collata
282 3281 464 3356 reliquorum
486 3282 612 3340 lectione
635 3282 723 3340 facile
746 3282 939 3358 intellegitur,
964 3282 1037 3338 item
1060 3280 1075 3338 I
1095 3281 1161 3354 5,1

148 3370 260 3428 siucero
283 3373 309 3428 ct
331 3361 398 3449 (cfr.
417 3363 446 3429 R
464 3363 609 3452 cereoque)
634 3373 664 3429 et
689 3372 738 3444 15,
760 3374 775 3428 1
798 3371 946 3443 aptissimo
963 3370 1031 3427 nebi
1049 3361 1115 3448 (cfr.
1135 3362 1165 3427 R

149 3490 362 3498 *οφ-ι...-

65 3594 72 3629 i
199 3555 233 3619 1)
249 3553 396 3638 Similiter
410 3557 429 3610 I
439 3563 484 3628 13,
503 3563 519 3613 7
536 3560 586 3615 cui
602 3577 622 3615 c
641 3575 697 3629 rep.
715 3573 767 3628 pro
786 3558 851 3614 0110
868 3575 919 3613 cce.
