2460 3848
583 177 630 230 1‘1
884 136 887 143 ’
1072 179 1114 242 or

126 401 128 404 ,
167 340 256 407 Idem
275 345 383 404 autem
402 342 457 405 ille
474 343 595 406 amicus
609 347 719 406 noster
731 342 767 405 in
781 340 921 405 eiusdem
935 341 977 405 M.
993 341 1114 406 Tullii
1125 359 1158 406 16

101 431 292 512 oratione,
306 452 387 514 quae
402 435 451 494 est
465 431 507 494 de
521 432 685 513 imperio
701 428 761 494 (ln.
775 429 933 513 Pompei
947 427 1045 517 (XII
1048 429 1115 517 33),

101 521 148 583 ita
175 519 330 601 scriptum
359 541 427 584 esse
454 543 473 583 a
497 517 680 584 Cicerone
708 520 835 584 dicebat
857 524 954 601 atque
977 521 1046 603 ipse
1069 521 1115 584 ita

100 607 280 672 lectitabat:
305 606 394 672 Cum
417 613 567 673 vestros
590 614 725 692 portus
749 613 863 691 atquc
885 630 947 672 eos
966 614 1115 692 portus,

74 696 241 779 equibus
259 698 377 762 vitam
396 719 438 762 ae
456 699 637 781 spiritum
656 699 812 780 ducitis,
830 699 1115 781 inpraedonum

101 785 221 850 fuisse
244 791 477 869 potestatem
501 788 649 869 sciatis,
671 808 775 869 neque
798 788 1023 851 soloecismum
1047 809 1115 850 esse
1126 803 1160 850 17

102 874 207 938 aiebat
239 875 285 938 ‘in
316 880 509 959 potestatem
541 876 662 958 firisse’,
693 880 730 939 ut
759 876 875 960 vulgus
904 877 1115 940 semidoctum

102 967 207 1047 putat,
232 966 288 1029 sed
309 965 434 1029 ratione
458 965 579 1029 dictum
603 969 689 1029 certa
713 969 745 1028 et
767 964 869 1045 proba
893 964 1116 1048 contendebat,

103 1074 165 1134 qua
201 1058 234 1117 et
267 1052 380 1117 Graeci
412 1054 457 1117 ita
489 1058 655 1118 uterentur
688 1058 720 1117 et
751 1051 912 1116 Plautus
944 1054 1115 1118 verborum

64 1166 89 1205 ιο
102 1140 291 1206 Latinorum
319 1143 575 1226 elegantissimus
603 1143 642 1205 in
668 1140 950 1224 Amphitruone
977 1141 1018 1224 (o.
1037 1143 1115 1225 180)

102 1229 197 1295 dixit:

263 1332 350 1390 mim
373 1349 462 1391 vero
486 1328 579 1391 mihi
602 1329 641 1391 in
664 1326 825 1391 mente'm
849 1327 938 1409 fuit,

102 1446 182 1506 non,
205 1429 241 1488 ut
265 1424 328 1488 dici
352 1425 483 1488 solitum
507 1430 569 1508 est,
592 1425 639 1488 ‘in
661 1425 788 1488 mente'.

172 1510 234 1576 Sed
258 1514 343 1576 enim
366 1519 492 1596 praeter
509 1513 702 1597 Plautum,
725 1515 815 1578 cuius
838 1515 893 1577 ille
914 1514 950 1577 in
967 1535 1117 1597 praesens
1128 1529 1162 1577 18

63 1626 89 1668 15
104 1603 251 1685 exemplo
279 1625 356 1666 usus
384 1608 446 1685 est,
478 1605 612 1667 multam
640 1625 699 1668 nos
727 1625 855 1686 quoque
883 1602 968 1686 apud
995 1607 1118 1667 veteres

47 1719 48 1723 ¹
104 1692 275 1774 scriptores
297 1693 498 1757 locutionum
520 1695 634 1757 talium
658 1695 784 1776 copiam
809 1693 999 1757 offendimus
1020 1697 1116 1774 atque

102 1781 155 1845 his
181 1782 280 1866 vulgo
308 1781 543 1847 adnotamentis
571 1783 787 1866 inspersimus.
833 1780 879 1846 Vt
905 1787 937 1846 et
959 1782 1116 1846 rationem
1127 1797 1161 1845 19

104 1874 212 1934 autem
230 1871 325 1935 istam
345 1872 476 1935 missam
494 1871 594 1936 facias
613 1877 645 1936 et
663 1873 880 1953 auctoritates,
899 1893 996 1935 sonus
1010 1875 1119 1936 tamen

105 1964 137 2023 ct
159 1961 304 2042 positura
327 1962 397 2043 ipsa
420 1961 592 2025 verborum
616 1963 692 2025 satis
714 1960 854 2024 declarat
872 1960 905 2023 id
924 1961 1032 2043 potius
1051 1959 1118 2024 ἐπι-

65 2073 91 2112 ao
105 2051 217 2133 μελείᾳ
232 2059 300 2112 τῶν
314 2047 433 2125 λέξεων
447 2051 759 2131 modulamentisque
773 2050 927 2112 orationis
940 2049 983 2112 M.
998 2048 1119 2112 Tullii

106 2137 306 2218 convenisse,
333 2142 383 2219 ut,
410 2139 563 2218 quoniam
590 2139 748 2201 utrumvis
776 2137 840 2200 dici
862 2136 976 2200 Latine
1001 2141 1120 2219 posset,

106 2229 338 2307 potestatem
358 2225 462 2288 dicere
481 2227 601 2307 mallet,
618 2247 685 2288 non
703 2225 894 2308 ‘potestate’.
932 2223 1017 2287 Illud
1033 2227 1164 2288 enimao

107 2314 153 2376 sic
176 2314 390 2395 compositum
411 2313 580 2377 iucundius
599 2313 640 2376 ad
658 2335 767 2377 aurem
787 2314 1050 2396 completusque,
1072 2314 1119 2376 in-

108 2401 236 2464 suavius
259 2402 322 2465 hoc
344 2402 615 2484 inperfectiusque
638 2407 695 2485 est,
718 2403 745 2465 si
768 2402 864 2465 modo
887 2403 933 2466 ita
954 2404 1120 2485 explorata

66 2516 92 2556 re
107 2512 183 2554 aure
205 2490 303 2554 homo
323 2491 374 2573 sit,
396 2513 463 2554 non
481 2491 576 2554 surda
594 2513 653 2556 nec
671 2492 801 2574 iacenti;
825 2492 919 2555 sicuti
938 2496 986 2555 est
1003 2491 1120 2574 hercle,

107 2580 195 2663 quod
214 2580 430 2663 ‚explicavit
451 2580 554 2644 dicere
573 2582 687 2644 maluit
705 2602 802 2663 quam
822 2580 1010 2664 ‘explicuit',
1033 2579 1120 2664 quod

107 2691 176 2733 esse
198 2669 262 2732 iam
286 2670 436 2733 usitatius
460 2674 615 2752 coeperat.

174 2757 281 2822 Verba
314 2763 389 2823 sunt
420 2759 500 2822 haec
530 2760 631 2842 ipsius
659 2781 703 2823 ex
730 2759 919 2841 oratione,
951 2779 1047 2841 quam
1076 2757 1119 2823 de

106 2848 268 2930 imperio
297 2847 356 2911 Gn.
380 2847 538 2931 Pompei
569 2847 683 2911 habuit
710 2846 870 2931 (X130)2
902 2846 1029 2911 Testis
1062 2851 1120 2912 est

67 2960 94 3001 eo
108 2933 257 3019 Sicilia,
276 2958 385 3019 quarn
404 2939 537 3001 multis
556 2937 724 3018 undique
740 2937 904 3000 cinctam
918 2936 1119 3019 periculis,

180 3152 213 3199 12
227 3145 348 3200 Nonlv
357 3165 383 3216 p.
396 3151 456 3212 soa,
467 3152 500 3200 so
574 3153 607 3201 ao
623 3146 831 3214 afflatam
847 3146 954 3216 vam,
965 3147 1022 3212 1‘13)
1033 3151 1120 3213 eous

180 3348 195 3397 8
223 3343 370 3396 rationem·
389 3340 468 3396 dictu
490 3364 512 3396 ω
540 3359 607 3397 corr.
628 3344 715 3412 §1112
743 3360 818 3396 nunc
839 3357 906 3396 uero
929 3342 1006 3396 codd.
1025 3343 1119 3395 Plaat.

106 3429 223 3467 numero
246 3416 264 3486 β
290 3416 364 3469 Noc.
382 3413 386 3485 Ι
401 3413 442 3466 mi
468 3415 624 3469 Fleckeisen
637 3416 647 3482 ll
662 3419 694 3467 19
723 3414 886 3481 depositura
910 3415 1000 3482 (itas
1025 3412 1058 3487 §x
1082 3411 1138 3472 ex

107 3485 347 3555 complectiusque
368 3506 389 3538 ω
404 3487 462 3554 1124
484 3484 758 3557 inperpeqoitiusque
781 3487 881 3553 aba&
904 3499 946 3534 ex
965 3471 1155 3532 oramen&

108 3556 300 3612 exhortatione
313 3562 363 3610 Π
381 3556 567 3615 exornatione
579 3563 607 3612 R
