2460 3848
436 151 616 207 OAPITVLA
634 151 701 207 LIB.
719 153 741 208 Ι.
758 151 785 205 II
1079 153 1099 215 9

87 317 334 402 quaesitumque
356 316 437 379 inibi
461 316 633 399 curiosius,
662 337 818 400 quaenam
840 317 923 380 ratio
948 316 990 380 sit
1012 337 1106 381 voca-

86 407 157 470 buli
180 405 407 469 indutiarum·

154 492 263 559 XXVI
291 493 393 570 Quem
421 495 456 558 in
483 493 616 559 modum
639 494 720 558 mihi
743 493 867 558 Taurus
890 493 1104 578 philosophus

87 582 288 666 responderit
310 585 523 667 percontanti,
547 606 588 646 an
612 584 738 666 sapiens
761 584 958 648 irasceretur.

278 800 517 874 CAPITVLA
544 800 675 872 LIBRI
704 800 911 873 SECVNDI

151 937 167 1002 I
190 937 260 1016 Quo
285 961 400 1025 genere
422 938 536 1003 solitus
557 941 599 1004 sit
617 939 831 1024 philosophus
851 937 998 1004 Socrates
1017 961 1104 1003 exer·

85 1049 155 1092 cere
169 1029 359 1112 patientiam
375 1029 534 1112 corporis3
549 1028 651 1111 deque
662 1027 803 1092 eiusdem
813 1028 875 1091 viri
884 1030 1103 1111 temperantia.

151 1116 184 1181 ΙΙ
213 1117 302 1194 Quae
324 1117 408 1181 ratio
433 1116 679 1199 observatioque
703 1118 885 1181 officiorum
904 1139 972 1181 esse
991 1117 1103 1181 debeat

83 1207 170 1272 inter
190 1211 298 1290 patres
317 1207 465 1287 filiosque
484 1205 519 1269 in
538 1204 767 1269 discumbendo
787 1204 989 1289 sedendoque
1009 1210 1104 1289 atque

84 1297 118 1359 id
141 1317 243 1379 genus
265 1294 361 1358 rebus
386 1293 474 1357 domi
497 1294 650 1377 forisque,
673 1294 700 1358 si
722 1293 783 1358 filii
802 1293 1010 1379 magistratus
1030 1299 1104 1359 sunt

84 1389 117 1448 et
152 1388 258 1466 patres
290 1383 423 1467 privati3
461 1404 620 1466 superque
653 1405 690 1446 ea
721 1405 755 1446 re
787 1383 886 1446 Tauri
917 1382 1104 1467 philosophi

85 1473 268 1536 dissertatio
298 1475 330 1535 et
358 1473 540 1555 exemplum
569 1495 607 1536 ex
629 1472 765 1536 historia
788 1471 935 1536 Romana
957 1473 1103 1556 petitum.

152 1559 201 1624 IH
243 1559 313 1635 Qua
348 1561 472 1624 ratione
508 1561 615 1625 verbis
650 1561 842 1645 quibusdam
874 1561 1104 1645 vocabulisque

82 1654 209 1714 veteres
232 1650 425 1714 immiserint
447 1649 471 1713 h
493 1650 620 1714 litterae
643 1651 801 1734 spiritum.

150 1738 199 1803 IV
236 1738 339 1815 Quam
368 1739 409 1802 ob
438 1761 567 1804 causam
592 1738 712 1804 Gavius
735 1739 854 1804 Bassus
879 1761 980 1825 genus
1005 1740 1103 1823 quod-

83 1829 157 1893 dam
176 1828 289 1893 iudicii
309 1828 564 1892 ‘divinationem'
585 1829 740 1913 appellari
758 1829 934 1914 scripserit3
955 1834 987 1893 et
1006 1852 1103 1913 quam

83 1918 140 1982 alii
164 1939 294 1982 causam
318 1939 386 1981 esse
410 1918 551 1982 eiusdem
575 1918 724 1983 vocabuli
747 1918 895 1983 dixerint.

149 2004 181 2071 V
214 2006 317 2083 Quam
345 2006 451 2091 lepide
479 2008 667 2092 signateque
692 2007 808 2071 dixerit
831 2005 1010 2070 Favorinus
1033 2006 1102 2090 phi-

82 2095 252 2179 losophus,
281 2095 359 2181 quid
388 2097 516 2160 intersit
544 2097 627 2159 inter
655 2096 801 2159 Platonis
830 2099 862 2158 et
889 2095 1005 2179 Lysiae
1034 2117 1103 2159 ora-

86 2184 216 2247 tionem.

151 2269 198 2335 VI
234 2272 358 2350 Quibus
390 2273 496 2337 verbis
529 2274 689 2358 ignaviter
721 2276 753 2337 et
785 2273 908 2336 abiecte
938 2270 1103 2357 Vergilius

85 2381 163 2423 usus
183 2382 251 2425 esse
271 2363 407 2447 dicatur3
427 2366 459 2426 et
478 2362 556 2444 quid
574 2363 635 2444 his,
655 2363 711 2445 qui
730 2361 875 2446 improbe
894 2360 969 2445 <id>
984 2361 1103 2444 dicunt,

83 2448 322 2533 respondeatur.

151 2536 214 2602 VII
240 2539 289 2605 De
313 2541 421 2604 officio
446 2562 521 2625 erga
544 2544 651 2623 patres
674 2540 864 2625 liberorum3
888 2541 989 2623 deque
1013 2562 1050 2603 ea
1067 2562 1103 2604 re

83 2650 123 2691 ex
141 2627 366 2713 philosophiae
385 2629 486 2711 libris,
506 2631 538 2692 in
557 2630 671 2712 quibus
686 2630 842 2713 scriptum
858 2629 1102 2712 quaesitumque

83 2721 146 2802 est,
169 2741 210 2781 an
234 2719 384 2783 omnibus
407 2719 508 2802 patris
532 2719 629 2782 iussis
654 2719 894 2801 obsequendum
919 2720 970 2783 sit.

149 2805 230 2871 VIII
268 2806 362 2883 Quod
398 2830 513 2891 parum
546 2829 648 2890 aequa
679 2808 884 2891 reprehensio
917 2806 1050 2890 Epicuri
1083 2829 1102 2870 a

80 2894 256 2959 Plutarcho
281 2897 366 2959 facta
390 2897 432 2959 sit
455 2897 490 2960 in
513 2896 705 2981 synlogismi
728 2896 907 2979 disciplina.

149 2982 196 3047 IX
221 2982 314 3059 Quod
333 2985 418 3049 idem
431 2984 624 3049 Plutarchus
640 2985 780 3048 evidenti
795 2984 955 3049 calumnia
968 2984 1102 3049 verbum

81 3073 121 3137 ab
146 3072 289 3156 Epicuro
314 3074 435 3138 dictum
459 3075 635 3138 insectatus
659 3074 709 3138 sit.

149 3161 179 3225 X
209 3161 293 3238 Quid
316 3164 382 3226 sint
404 3164 524 3227 favisae
549 3161 763 3247 Capitolinam
787 3161 920 3245 etquid
944 3183 1101 3246 supereo

80 3251 180 3315 verbo
203 3250 247 3316 M.
266 3250 370 3315 Varro
396 3251 507 3316 Servio
532 3250 676 3335 Sulpicio
704 3253 870 3335 quaerenti
893 3252 1101 3334 rescripserit.

148 3338 195 3403 XI
232 3340 281 3405 De
320 3339 440 3406 Sicinio
472 3339 614 3405 Dentato
648 3343 777 3427 egregio
811 3339 966 3404 bellatore
999 3341 1109 3402 multa

78 3433 261 3494 memoratu
284 3429 390 3515 digna.
1122 3495 1129 3505 ,

149 3516 213 3581 XlI
242 3517 450 3586 Considerata
471 3543 706 3610 perpensaque
726 3521 792 3586 len
816 3515 996 3602 quaedam
1008 3501 1165 3568 &hm
