2460 3848
109 181 152 245 20
405 217 407 223 ⁷
444 179 624 235 onPITvnA
642 180 708 235 LIB.
728 178 793 235 VIII

172 342 205 408 H
230 343 318 420 Quae
336 344 417 407 mihi
435 344 544 408 decem
562 345 660 408 verba
679 344 812 408 ediderit
829 343 1017 426 Favorinus,
1041 364 1124 426 quae

106 436 301 516 usurpentur
331 432 459 516 quidem
487 456 506 496 1
535 430 676 517 Graecis,
708 433 764 497 sed
791 434 855 497 sint
883 433 1063 496 adulterina
1090 437 1123 497 et

106 522 256 605 barbara3
284 543 366 605 quae
393 522 471 586 item
499 545 517 586 a
545 544 597 586 me
619 522 755 586 totidem
777 523 948 606 acceperit,
977 543 1058 606 quae
1082 544 1123 585 ex

107 611 212 675 medio
250 611 477 694 communique
511 634 572 675 usu
604 610 718 675 Latine
753 610 955 694 loquentium
989 611 1123 675 minime

105 699 221 766 Latina
244 701 309 764 sint
331 721 436 783 neque
458 701 493 763 in
514 705 659 765 vetemm
681 700 773 764 libris
796 701 1005 783 reperiantur.

171 787 220 852 III
253 788 355 865 Quem
385 790 420 852 in
446 789 578 853 modum
606 794 638 853 et
666 812 762 873 quam
790 812 898 853 severe
925 790 1121 872 increpuerit

105 878 308 943 audientibus
329 877 422 942 nobis
441 876 633 964 Peregrinus
652 877 866 962 philosophus
885 878 1122 942 adulescentem

105 966 288 1032 Romanum
320 990 360 1031 ex
391 968 531 1050 equestri
560 967 683 1031 familia
711 971 850 1031 stantem
877 989 1008 1052 segnem
1036 968 1122 1050 apud

105 1079 140 1120 se
162 1060 194 1120 et
217 1056 342 1120 assidue
366 1058 564 1120 oscitantem.

171 1143 219 1209 lV
242 1144 335 1221 Quod
353 1143 547 1228 Herodotus,
565 1146 704 1229 scriptor
721 1144 876 1209 historiae
894 1146 1122 1209 memoratissi-

105 1257 186 1318 mus,
204 1256 318 1318 parum
332 1256 406 1298 vere
420 1234 536 1298 dixerit
549 1257 646 1298 unam
661 1235 827 1318 solamque
840 1235 954 1318 pinum
969 1235 1122 1298 arborum

106 1325 250 1388 omnium
277 1345 402 1388 caesam
429 1345 605 1407 numquam
634 1324 738 1388 denuo
762 1346 802 1387 ex
824 1323 937 1387 iisdem
960 1324 1122 1387 radicibus

104 1413 276 1497 pullulare,
304 1416 336 1477 11
364 1413 450 1496 quod
475 1414 553 1476 item
576 1413 616 1476 de
638 1434 721 1496 aqua
744 1413 879 1496 pluviali
901 1415 934 1476 et
956 1414 1030 1476 nive
1054 1434 1123 1476 rem

104 1524 170 1566 non
194 1503 270 1565 satis
294 1501 494 1584 exploratam
517 1523 575 1584 pro
601 1506 764 1585 comperta
788 1503 939 1585 posuerit.

172 1589 203 1653 V
239 1589 322 1666 Quid
354 1590 435 1653 illud
467 1591 521 1672 sit,
554 1590 641 1674 quod
672 1589 836 1676 Vergilius
869 1589 992 1654 caelum
1026 1591 1122 1654 ‘stare

105 1679 247 1762 pulvere’
272 1681 305 1742 et
328 1678 415 1761 quod
432 1678 575 1743 Lucilius
600 1681 723 1763 ‘pectus
748 1680 890 1743 sentibus
915 1680 1010 1743 stare’
1033 1679 1122 1743 dixit.

172 1765 218 1830 VI
251 1765 332 1830 Oum
359 1771 434 1850 post
462 1767 709 1832 offensiunculas
738 1769 773 1832 in
800 1771 937 1853 gratiam
965 1769 1122 1851 redeatur,

105 1855 380 1939 expostulationes
404 1857 475 1919 fieri
497 1861 625 1921 mutuas
649 1858 780 1921 minime
803 1858 883 1922 utile
906 1879 987 1941 esse,
1014 1880 1122 1941 super·

107 1966 169 2028 que
192 1967 229 2008 ea
251 1967 286 2008 re
308 1948 342 2008 11
364 1966 468 2009 sermo
488 1944 586 2010 Tauri
609 1947 774 2028 expositus
795 1950 828 2010 et
845 1947 943 2010 verba
962 1969 1000 2010 ex
1020 1946 1123 2011 Theo-

105 2033 229 2117 phrasti
261 2033 346 2098 libro
377 2038 518 2119 sumpta3
551 2038 583 2098 et
612 2035 689 2118 quid
716 2033 758 2098 M.
788 2057 915 2119 quoque
944 2033 1055 2115 Cicero
1084 2036 1123 2100 de

104 2145 213 2187 amore
241 2123 400 2187 amicitiae
428 2125 575 2207 senserit,
604 2145 677 2188 cum
705 2124 807 2208 ipsius
835 2125 941 2188 verbis
969 2124 1122 2188 additum.

172 2210 236 2276 VH
267 2211 319 2275 Ex
346 2210 528 2277 Aristotelis
559 2212 657 2295 libro,
691 2214 746 2297 qui
776 2212 872 2298 <aspi
899 2214 1048 2297 μνήμης>
1076 2215 1122 2278 in-

104 2303 243 2385 scriptus
271 2306 333 2384 111,
361 2303 490 2387 cognita
518 2306 712 2386 acceptaque
740 2303 779 2366 de
805 2306 920 2366 natura
948 2303 1123 2367 memoriae

105 2395 138 2454 et
159 2391 286 2475 habitu3
310 2394 406 2474 atque
425 2391 507 2455 inibi
526 2391 588 2454 alia
607 2391 763 2474 quaedam
782 2391 821 2455 de
839 2392 1047 2455 exuberantia
1067 2397 1123 2456 aut

104 2481 237 2543 interitu
260 2481 328 2543 eius
351 2480 435 2544 lecta
458 2479 639 2563 auditaque.
688 2480 692 2487 '

172 2565 251 2631 VIII
275 2567 358 2644 Quid
376 2570 457 2632 mihi
475 2590 535 2632 usu
555 2569 686 2650 venerit,
704 2569 909 2652 interpretari
923 2573 955 2631 et
970 2570 1063 2652 quasi
1077 2570 1122 2633 ef-

104 2657 227 2742 fingere
240 2657 362 2721 volenti
375 2658 464 2720 locos
480 2656 635 2740 quosdam
646 2656 828 2721 Platonicos
839 2656 955 2721 Latina
967 2660 1121 2722 oratione.

171 2743 219 2809 IX
255 2745 349 2822 Quod
380 2745 622 2828 Theophrastus
658 2744 872 2829 philosophus
908 2747 1012 2810 omnis
1046 2769 1122 2812 suae

105 2836 221 2899 aetatis
245 2835 492 2898 facundissimus
520 2835 617 2898 verba
644 2856 747 2917 pauca
774 2837 815 2898 ad
842 2835 999 2920 populum
1023 2833 1122 2899 Athe-

105 2925 249 2988 niensem
262 2924 406 2987 facturus
421 2923 608 2987 deturbatus
621 2924 812 2988 verecundia
823 2924 1008 3007 obticuerit3
1023 2926 1122 3008 quod.

106 3034 168 3096 que
185 3013 271 3076 idem
289 3011 352 3076 hoc
365 3011 576 3076 Demostheni
594 3012 680 3096 apud
694 3012 882 3097 Philippum
901 3034 1010 3099 regem
1025 3014 1122 3078 verba

104 3102 236 3165 facienti
259 3101 407 3164 evenerit.

172 3188 203 3253 X
226 3187 336 3264 Qualis
355 3189 435 3253 mihi
453 3190 552 3254 fuerit
569 3191 604 3254 in
623 3190 741 3274 oppido
756 3188 910 3255 Eleusino
931 3191 1121 3275 disceptatio

106 3299 179 3342 cum
194 3279 404 3363 grammatico
419 3279 559 3363 quodam
572 3301 665 3362 praes
666 3280 808 3365 tigiosot
810 3301 940 3363 empora
950 3281 1122 3345 verborum

106 3371 140 3430 11
166 3366 303 3451 puerilia
330 3369 594 3433 meditamenta'
585 3373 767 3453 ignorante
794 3373 990 3433 remotarum
1014 3374 1123 3434 autem

100 3456 328 3559 quaestionum
360 3457 495 3522 nebulas
528 3462 561 3520 11
589 3456 776 3522 formidines
805 3458 1003 3542 capiendis
994 3460 1124 3543 imperi*

79 3540 192 3604 torum
215 3546 344 3611 aminis
367 3551 567 3615 ostentante
