2460 3848
493 186 701 243 PRAEFATIO
1042 190 1106 245 XIII

84 360 188 418 statIm
215 375 309 433 usque
336 358 375 416 ad
402 357 476 416 XIII
491 359 525 432 45,
553 358 604 418 381
631 359 747 418 omissIs
770 357 845 416 XIII
866 361 951 417 1-4
979 360 1101 419 turbato

84 447 187 507 ordine
220 445 307 506 hodIe
336 447 492 506 schedulae
521 447 630 508 codicis
657 447 728 506 bibl
756 447 838 507 acad.
866 448 983 507 Rheno·
985 448 1101 508 Traieo

17 544 19 548 ’
84 537 166 595 tinae
188 537 287 594 notati
309 534 423 595 Aecum
445 540 534 596 oetas.
574 535 734 610 Scriptores
749 538 856 610 praeci.
892 537 949 597 No.
968 540 1012 598 26
1033 558 1102 616 sup·

86 625 230 701 peditent

154 712 261 773 Omnes
289 715 322 772 hi
349 713 462 774 codices
485 649 604 791 praeter
626 706 653 779 Q
675 714 767 774 verba
789 713 902 774 Graeca
925 718 979 775 aut
1002 718 1102 775 omnia

87 805 140 862 aut
169 804 300 880 plmima
328 803 467 863 exhibent
493 822 553 862 non
580 805 671 862 semel
698 804 809 863 litteris
835 803 953 864 Latinis
982 807 1101 881 scripta.

152 891 345 970 Singularum
376 912 447 952 vero
479 894 618 952 classium
649 894 729 952 inter
758 911 789 952 se
817 895 1025 971 cognationem
1052 895 1101 954 de·

88 984 256 1041 monstrant
288 984 442 1041 sexcentae
474 983 616 1042 lectiones
648 982 859 1042 concordantes
892 985 922 1042 81
948 985 1047 1042 rectae
1072 987 1102 1042 et

85 1089 249 1147 perversae,
272 1074 308 1129 ut
325 1071 369 1128 IX
384 1072 412 1145 3,
428 1073 448 1129 4
466 1072 620 1130 scribenda
640 1073 670 1145 4,
686 1072 704 1129 6
719 1073 920 1145 prosprofium
931 1076 1009 1145 petet
1028 1075 1102 1130 octi-

85 1161 262 1234 spectarem
283 1159 363 1218 altra
376 1177 433 1232 per
451 1161 549 1219 eboris
567 1163 662 1219 teneat
685 1161 714 1234 6,
729 1162 748 1218 3
767 1162 866 1234 factito
891 1162 976 1235 9,15
993 1163 1102 1235 paude-

84 1251 134 1307 bat
155 1249 183 1306 X
199 1250 264 1322 1,3
287 1248 318 1308 0.
337 1249 474 1307 Mariam
498 1249 657 1307 bombum
682 1251 946 1320 ansprandum
970 1253 1035 1324 2,2
1055 1268 1102 1310 883

85 1340 114 1412 3,
133 1337 292 1414 3pcclc33
313 1337 459 1397 cateadtbc'
482 1339 500 1396 8
521 1339 752 1410 cdrcumflectitcr
776 1340 794 1396 9
814 1338 883 1396 dicit
901 1356 957 1396 om.
984 1340 1024 1397 13
1043 1339 1102 1397 Ro-

83 1444 191 1485 manas
210 1445 280 1502 om.3
293 1428 448 1499 provencia
461 1445 519 1500 por
543 1428 593 1501 14,
609 1428 627 1486 3
647 1428 812 1485 marasiam
837 1427 945 1501 16,14
965 1444 1032 1486 erae
1045 1427 1102 1486 cite

87 1518 138 1589 17,
160 1518 179 1573 4
203 1515 336 1574 cioibbcs
363 1517 414 1590 24,
437 1517 455 1574 6
481 1517 634 1575 comatico
656 1517 769 1588 estqui
792 1516 829 1574 al.
880 1516 1039 1575 Exciderat
1069 1520 1102 1576 in

87 1606 189 1682 stirpis
209 1603 234 1662 d
251 1607 374 1680 parente
392 1604 507 1680 folium,
526 1607 575 1664 oui
592 1606 711 1664 inerant
729 1605 819 1664 verba
837 1605 892 1663 XX
909 1610 937 1679 1,
952 1606 993 1665 39
1013 1609 1103 1664 restat

86 1725 125 1735 -
156 1695 197 1752 53
227 1699 312 1768 atque
343 1694 510 1754 desiderata
541 1696 602 1753 iam
629 1697 661 1754 in
689 1686 756 1770 111,
787 1696 984 1770 praeterierat
1010 1714 1101 1754 unam

82 1785 224 1862 pagiuam
256 1785 305 1843 vel
335 1785 463 1862 paginae
494 1783 657 1859 bipartitae
688 1787 805 1858 partem
837 1783 992 1843 dimidiam
1018 1785 1100 1844 illius

84 1873 192 1947 scriba,
221 1891 280 1948 quo
307 1874 421 1932 factum
449 1875 506 1946 831,
534 1875 569 1931 ut
596 1891 656 1932 non
682 1875 744 1930 iam
771 1875 887 1932 exstent
909 1873 964 1931 XX
984 1874 1012 1947 6,
1033 1877 1050 1932 2
1076 1878 1104 1933 et

82 1963 221 2020 18181-
239 1964 256 2019 7
276 1963 411 2020 81138183
429 1966 478 2036 est,
501 1962 683 2036 eandemque
706 1961 743 2020 ob
762 1980 882 2021 oausam
899 1963 932 2020 in
951 1962 1099 2022 codicibus

83 2050 226 2109 derivatis
253 2049 364 2109 ibidem
387 2051 494 2110 desunt
524 2053 564 2109 10
587 2051 787 2109 1883188-
807 2052 847 2108 12
868 2053 1038 2124 ocdoadas,
1065 2055 1100 2110 ut

83 2139 111 2195 X
127 2140 155 2210 3,
171 2141 189 2195 3
209 2137 301 2197 verba
318 2139 387 2196 inde
403 2157 422 2197 a
437 2138 540 2198 casem
561 2142 611 2212 12,
626 2139 645 2196 5
661 2155 695 2197 ea
712 2169 749 2178 -
767 2139 995 2212 chameleontis,
1014 2141 1100 2198 etsie

85 2243 180 2300 saepe.
221 2225 337 2284 Neutra
359 2244 429 2285 vero
452 2227 569 2284 familia
591 2245 644 2302 per
663 2245 694 2285 se
711 2226 913 2301 principatum
931 2229 1026 2303 tonet3
1049 2229 1100 2286 sed

84 2313 172 2372 modo
195 2314 268 2372 haec
291 2308 618 2391 genuinum'servavit,
645 2315 732 2373 modo
757 2315 819 2373 illa.
866 2313 929 2389 Sic,
951 2319 986 2374 ut
1008 2336 1100 2374 unum

85 2405 176 2478 caput
194 2403 324 2476 afferam,
342 2402 429 2460 XVII
444 2406 462 2462 2
483 2405 612 2478 septiens
631 2403 768 2481 stirpisy
786 2404 928 2465 lectiones
947 2406 1099 2481 amplexus

84 2510 149 2550 sum
171 2492 356 2567 totidemque
379 2495 457 2551 certe
480 2493 552 2552 Iocis
575 2493 750 2569 improbavi.
793 2492 899 2568 Itaque
921 2513 1099 2570 unoquoque

82 2582 147 2640 loco
174 2601 206 2640 re
235 2583 266 2640 et
287 2582 404 2640 ratione
427 2582 560 2641 codicum
584 2584 746 2642 auctoritas
769 2584 964 2643 examinanda
987 2586 1098 2644 81111-

82 2671 187 2730 denda
215 2673 267 2731 est.
314 2670 407 2730 Paulo
435 2674 536 2730 tamen
563 2690 623 2731 non
650 2672 737 2731 modo
765 2675 929 2733 numeratis
952 2674 1004 2733 sed
1025 2692 1098 2750 pon-

82 2759 193 2820 deratis
216 2760 393 2819 lectionibus
417 2761 565 2820 antecedit
588 2760 747 2820 familiari
768 2763 859 2837 inque
880 2763 936 2822 hac
955 2763 1045 2822 codex
1064 2757 1098 2837 Q,

80 2852 115 2907 ut
137 2849 210 2923 X3,
227 2850 267 2907 13
291 2849 432 2924 ΧΠΙ21,
449 2851 488 2908 15
510 2850 738 2926 XIV1,236,1
762 2851 992 2926 XVI4,1;5,3
1012 2852 1098 2909 XVII

82 2939 173 3012 8,10
201 2938 303 2996 XVIII
324 2939 352 3012 5,
374 2942 413 2998 12
442 2940 497 2997 XX
518 2943 545 3013 l,
567 2941 621 3015 16,
643 2941 672 3014 8,
692 2941 773 3013 781,
795 2939 890 2999 bonae
914 2943 945 2999 et
967 2943 1098 3000 sincerae

80 3029 240 3086 memoriae
268 3029 367 3102 testis,
394 3030 455 3103 cui,
482 3027 535 3086 ubi
558 3029 663 3087 electio
686 3028 781 3087 libera
804 3031 882 3102 erat,
910 3031 1027 3104 saepius
1050 3049 1097 3089 me

80 3117 240 3192 applicavi.
287 3115 345 3175 Sed
367 3136 404 3176 ne
426 3110 451 3175 Β
476 3117 596 3192 quidem
618 3135 672 3176 nec
693 3110 714 3175 Ζ
738 3136 792 3176 sua
814 3119 916 3192 palma
938 3118 1097 3177 fraudandi

80 3207 152 3265 sunt
178 3225 274 3280 neque
297 3206 420 3264 alterius
444 3206 577 3266 familiae
600 3206 683 3280 fibri,
710 3206 820 3265 sedne
843 3209 973 3266 numeris
995 3207 1097 3265 ludere

80 3295 196 3368 videar,
224 3314 291 3353 oum
319 3295 419 3368 facile,
447 3298 537 3370 prout
562 3297 667 3370 cquue
691 3295 783 3353 libido
807 3297 864 3369 est,
893 3314 928 3354 ex
951 3298 1097 3370 apparatu

80 3385 184 3442 critico
212 3383 387 3442 documenta
415 3385 488 3443 satis
511 3385 607 3443 multa
630 3396 803 3442 coacervare
825 3383 937 3458 possit,
962 3382 1040 3439 satis
1058 3386 1107 3438 sit

79 3476 238 3532 annotasse
261 3473 344 3532 nullo
368 3491 470 3531 eorum
492 3472 582 3533 facile
606 3472 705 3534 caneri
723 3489 828 3549 posse

147 3559 283 3621 Codicum
315 3562 424 3622 horum
458 3565 598 3690 quinque
631 3561 906 3639 subscriptionem
929 3546 1097 3629 praesent
1117 3540 1165 3588 'm
