2460 3848
484 170 689 229 PRAEFATIO
1016 172 1094 230 XVII

79 345 198 406 nomine
222 343 350 400 auctoris
374 343 404 399 et
427 358 513 417 saepe
537 340 607 399 libri
630 359 747 416 quoque
766 342 960 417 inscriptione
978 341 1092 416 allatis3

80 434 148 493 aliis
174 431 294 507 quidem
315 431 387 490 locis
409 431 473 490 eius
495 431 681 490 honestatem
703 428 851 504 fidemque
873 431 961 506 quasi
983 432 1091 491 colluc-

79 523 179 582 tantes
207 519 340 581 videmus
368 539 435 579 cum
461 521 555 594 ipsius
581 516 733 601 doctrinae
761 518 955 578 ostentandae
980 520 1092 579 studio:

81 628 263 687 quamquam
284 627 344 667 non
366 610 472 667 reticet
494 610 643 682 auctores,
670 626 720 667 eos
742 610 899 683 tamquam
921 612 990 683 post
1011 612 1093 668 tran-

82 718 202 759 sennam
229 700 341 774 positos
368 699 432 756 tam
459 696 555 756 obiter
581 699 805 771 commemorat,
833 700 868 755 ut
889 698 948 757 nisi
969 699 1093 758 intentis

82 789 173 848 oculis
195 789 326 846 intuenti
347 805 407 847 non
428 786 581 862 prodeant.
623 785 777 845 Interdum
797 789 897 845 tamen
912 786 1029 846 'silendo
1048 807 1093 846 ce-

81 877 229 952 landoque
246 894 281 935 eo
299 868 497 954 progreditur,
515 878 550 934 ut
567 877 656 951 plane
674 875 756 934 fonte
774 876 895 950 proprio
914 878 944 934 et
959 878 1092 951 proximo

81 985 235 1044 suppresso
262 967 369 1025 testem
395 984 428 1023 re
455 983 526 1023 vera
552 983 571 1022 a
598 983 628 1024 se
656 965 786 1023 alienum
811 965 909 1038 vocet3
936 965 1016 1040 quod
1038 967 1093 1024 im-

79 1057 184 1132 primis
211 1054 258 1128 fit,
286 1056 312 1114 si
339 1073 374 1113 ex
401 1053 623 1128 coaequalibus,
652 1072 778 1129 quorum
804 1055 932 1113 sermoni
954 1055 984 1112 et
1007 1054 1092 1113 disci-

79 1146 179 1221 plinae
202 1144 282 1202 haud
305 1145 437 1220 gravate,
459 1142 544 1200 libris
566 1161 688 1217 perraro
711 1161 765 1201 sua
783 1142 888 1201 debere
906 1143 1001 1202 videri
1019 1145 1092 1219 vult,

78 1235 188 1293 hausit.
238 1232 345 1307 Itaque
377 1249 444 1290 cum
472 1230 569 1290 Gellio
596 1233 628 1289 in
656 1230 811 1290 afferendis
838 1230 970 1290 fontibus
997 1233 1093 1292 maior

80 1340 170 1398 quam
191 1323 296 1381 ceteris
314 1320 375 1379 fere
394 1319 529 1379 omnibus
548 1318 620 1379 fides
639 1321 687 1393 sit,
709 1322 810 1378 tamen
828 1321 860 1378 in
878 1320 1093 1398 investigandis

80 1413 142 1472 eius
174 1412 252 1469 veris
280 1409 411 1468 fontibus
439 1408 572 1470 salebrae
599 1427 659 1471 non
686 1408 800 1468 desunt.
850 1408 929 1468 Nam
956 1412 1093 1484 quamvis

79 1501 184 1577 negari
205 1501 335 1574 nequeat
360 1498 446 1557 illum
469 1516 569 1558 omnes
591 1498 660 1557 illos
683 1498 840 1572 scriptores
863 1499 1093 1573 antiquissimos,

79 1587 208 1661 Livium,
228 1588 384 1661 Naevium,
402 1587 541 1661 Ennium,
559 1587 712 1661 Laeuium,
731 1584 882 1661 Catonem,
902 1587 1093 1661 Tuberonem,

79 1676 318 1756 Quadrigarium,
341 1677 416 1736 alios
433 1677 549 1754 legisse,
570 1679 672 1736 tamen
689 1677 779 1750 locos,
797 1676 833 1734 de
851 1675 958 1750 quibus
977 1677 1093 1751 copiose

79 1769 110 1826 et
137 1767 222 1826 docte
249 1766 396 1842 disputat,
422 1785 563 1842 persaepe
587 1784 647 1824 non
671 1784 706 1824 ex
728 1765 849 1824 illorum
871 1766 944 1840 ipsis
967 1767 1093 1841 scriptis,
1164 1797 1171 1803 -

79 1855 131 1915 sed
149 1875 184 1914 ex
201 1857 398 1931 interpretum
412 1856 631 1914 commentariis
645 1855 966 1932 grammaticorumque
979 1854 1093 1914 artibus

79 1944 256 2020 desumpsit,
281 1943 388 2019 quibus
410 1945 459 2003 hic
480 1945 544 2003 illic
566 1964 658 2002 unum
682 1944 846 2002 alterumve
869 1944 1035 2018 exemplum
1059 1963 1093 2002 ex

79 2035 140 2093 suis
163 2034 309 2093 schedulis
332 2032 448 2091 adiecit.
489 2032 572 2090 ldem
595 2033 708 2092 factum
727 2034 821 2091 estin
840 2032 977 2108 operibus
996 2051 1093 2111 gram·

80 2123 266 2195 maticorum,
288 2121 449 2193 rhetorum,
468 2121 720 2195 philosophorum,
738 2122 1023 2194 iurisconsultorum,
1041 2121 1093 2179 ubi

81 2227 141 2267 non
168 2226 236 2267 raro
264 2211 370 2284 spretis
396 2208 529 2268 fontibus
557 2226 644 2266 verae
671 2210 861 2283 antiquitatis
888 2211 961 2270 satis
988 2209 1094 2268 habuit

82 2297 234 2370 propiores
257 2296 338 2354 adire
361 2314 453 2370 exque
475 2298 513 2354 iis
536 2295 675 2370 delibare,
698 2315 774 2371 quae
797 2300 923 2372 speciem
941 2297 1093 2358 doctrinae

82 2385 217 2444 vetustae
238 2403 310 2460 prae
332 2403 363 2443 se
385 2384 509 2458 ferrent,
532 2387 575 2458 ut,
598 2384 669 2443 dum
690 2387 754 2461 ipse
777 2404 879 2462 sapere
901 2386 1028 2460 videtur,
1050 2387 1093 2445 ihi

82 2491 141 2532 non
168 2474 227 2532 nisi
253 2474 350 2533 alieno
377 2474 485 2533 calleat
511 2475 638 2552 ingenio.
685 2473 768 2534 Tunc
792 2493 862 2534 varo
885 2478 1002 2535 nostrae
1025 2494 1092 2535 con-

77 2562 244 2624 suetudinis
263 2581 406 2623 memores
424 2562 565 2623 libentius
584 2565 612 2622 ei
631 2565 757 2638 veniam,
774 2566 801 2624 si
819 2566 906 2624 venia
924 2567 992 2642 eget
1005 2566 1093 2626 homo

80 2652 157 2711 alius
180 2653 247 2712 aevi
267 2653 451 2727 aliorumque
471 2654 562 2712 etiam
579 2655 661 2712 inre
679 2655 828 2713 litteraria
846 2673 962 2712 morum
980 2650 1092 2732 lagumss

80 2758 146 2816 que,
170 2740 313 2815 dabimus
336 2761 412 2815 cum,
435 2761 510 2817 quae
534 2744 566 2802 in
589 2745 800 2802 commentario
824 2743 952 2818 quodam
970 2743 1092 2820 legerat,

79 2831 222 2906 scriptore
249 2832 314 2904 ipso
342 2831 476 2890 consulto
503 2832 550 2890 his
577 2833 612 2890 ut
639 2833 676 2892 ab
704 2834 769 2908 ipso
796 2833 921 2907 repertis
946 2851 1016 2892 usus
1039 2836 1091 2892 est.

79 2919 158 2977 Nam
175 2937 229 2979 nos
248 2938 364 2996 quoque
383 2921 554 2995 saepissime
573 2921 765 2985 adnotatione
783 2922 953 3001 interpretis
968 2921 1093 2980 alicuius

79 3007 128 3066 vel
149 3009 306 3086 lexicologi
328 3008 474 3068 admoniti
496 3028 555 3068 non
579 3009 747 3068 dubitamus
770 3009 817 3068 his
840 3013 875 3067 ut
895 3010 972 3068 bono
991 3013 1092 3070 nostro

79 3098 138 3170 uti,
165 3096 323 3157 dummodo
350 3098 429 3157 locos
455 3098 562 3157 allatos
584 3100 644 3174 ipsi
665 3099 877 3174 inspexerimus
901 3116 1008 3173 eosque
1031 3118 1092 3159 esse

78 3204 164 3245 veros
183 3188 327 3262 aptosque
345 3187 487 3262 primario
506 3188 583 3246 fonti
602 3188 752 3247 adstantes
766 3187 1006 3246 intellexerimus.
1044 3187 1093 3247 Sic

79 3274 158 3350 quod
180 3275 274 3333 tradit
292 3274 307 3332 I
328 3279 366 3333 11
391 3275 428 3334 de
445 3275 746 3335 Lacedaemoniorum
769 3276 953 3350 aliorumque
976 3295 1032 3335 usu
1054 3279 1092 3335 ti·

261 3405 293 3412 .—

79 3487 126 3548 13³
148 3486 265 3547 rc-ra
284 3485 317 3533 rs
337 3479 363 3533 v
378 3486 459 3547 1-s;
479 3486 504 3548 a,
519 3485 548 3546 ὃς
569 3486 617 3551 ro,
635 3488 688 3551 rr,
704 3485 809 3548 sarna
821 3477 875 3532 uu
893 3445 1132 3542 arun-aeas

80 3559 127 3618 113
148 3556 332 3620 13-103183
353 3555 399 3620 20;
420 3557 468 3622 213
488 3558 538 3623 223
557 3560 604 3612 ⁸28.

122 3649 412 3697 amaricationis
966 3626 996 3675 ’ὓ
