2460 3848
544 185 557 238 1
577 189 609 237 11
1041 186 1084 250 63

70 352 228 417 viantium
266 350 395 414 delicias
429 350 659 414 conviviorum.
718 347 778 413 Sed
817 350 902 414 enim
938 348 1085 414 Achaeos
1113 367 1129 415 8

72 440 260 505 Homerus
288 439 344 521 (ll.
363 439 477 516 1118)
504 460 647 524 pugnam
674 439 823 523 indipisci
851 440 896 503 ait
923 461 990 503 non
1016 440 1085 503 fidi-

73 531 218 594 cularum
240 528 466 611 tibiarumque,
489 529 550 592 sed
567 528 723 592 mentium
746 530 990 611 animorumque
1011 550 1085 592 con·

74 623 169 682 centu
193 619 440 700 conspiratuque
462 619 561 681 tacito
584 617 784 681 nitibundos:

48 767 60 808 s
119 743 158 806 οἱ
182 739 211 806 δ’
244 739 298 827 ἄρ’
332 748 421 806 ἴσον
449 752 538 827 σιγῇ
566 740 682 826 μένεα
708 745 912 817 πνείοντες
935 740 1087 825 Ἀχαιοί

120 831 160 895 ἐν
182 837 293 919 θυμῷ
315 842 512 916 μεμαῶτες
535 828 718 914 ἀλεξέμεν
741 829 982 914 ἀλλήλοισιν.

140 955 221 1033 Quid
253 958 308 1020 ille
338 957 409 1020 vult
435 955 675 1019 ardentissimus
704 956 825 1018 clamor
852 955 992 1018 militum
1020 955 1082 1019 Ro·
1111 971 1126 1018 a

72 1067 253 1128 manorum,
276 1067 372 1128 quem
395 1045 430 1107 in
453 1043 675 1128 congressibus
699 1044 894 1127 proeliorum
917 1043 987 1108 fieri
1010 1044 1083 1108 soli-

70 1138 139 1198 tum
168 1136 339 1217 scriptores
363 1134 526 1196 annalium
550 1132 787 1196 memoravere?
819 1136 970 1196 contrane
993 1133 1083 1197 insti-

29 1249 56 1288 ιο
69 1227 177 1288 tutum
205 1223 308 1286 fiebat
332 1222 482 1303 antiquae
510 1221 696 1303 disciplinae
724 1225 791 1285 tam
819 1220 1008 1303 probabile?
1041 1245 1083 1286 an

68 1317 139 1377 tum
167 1317 200 1375 et
227 1311 329 1394 gradu
357 1310 506 1373 clementi
534 1315 567 1373 et
595 1310 722 1372 silentio
750 1313 799 1373 est
824 1331 919 1392 opus,
947 1311 1083 1373 eumad

68 1400 195 1464 hostem
223 1401 289 1462 itur
311 1400 345 1461 in
369 1402 542 1481 conspectu
564 1399 743 1483 longinquo
766 1399 879 1481 procul
902 1399 1083 1481 distantem,

70 1511 143 1552 uum
167 1510 243 1551 vero
262 1509 362 1570 prope
381 1488 422 1550 ad
440 1509 553 1550 manns
571 1491 703 1551 ventum
722 1491 780 1570 est,
803 1491 872 1551 tum
891 1488 955 1551 iam
974 1509 991 1550 e
1010 1509 1082 1570 pro-

69 1579 192 1661 pinquo
219 1576 321 1641 hostis
345 1581 378 1640 et
400 1577 522 1659 impetu
546 1577 780 1660 propulsandus
804 1581 837 1640 et
860 1576 998 1640 clamore
1020 1582 1082 1641 ter·

28 1665 185 1732 urendus
209 1665 278 1730 est?

134 1754 218 1819 Ecce
251 1759 357 1820 autem
385 1777 443 1838 per
469 1755 614 1820 tibicinia
641 1755 799 1820 Laconica
826 1755 925 1820 tibiae
953 1771 1125 1839 quoque10

67 1846 154 1908 illius
179 1845 395 1909 contionariae
418 1845 453 1908 in
471 1849 610 1909 mentem
630 1846 727 1928 venit,
745 1867 842 1928 quam
862 1844 894 1909 G.
911 1842 1080 1910 Graccho

67 1957 140 1998 cnm
168 1935 290 2017 populo
314 1937 428 2018 agente
451 1936 590 2017 praeisse
613 1955 650 1998 ac
673 1935 947 2018 praeministrasse
971 1935 1081 1998 modu-

66 2025 115 2087 los
138 2023 254 2088 ferunt.
297 2020 360 2087 Sed
378 2045 581 2105 nequaquam
601 2023 647 2087 sic
665 2028 722 2106 est,
744 2028 782 2087 ut
800 2046 819 2086 a
837 2024 936 2108 vulgo
955 2024 1080 2105 dicitur,
1091 2040 1122 2086 11

26 2134 179 2176 recanere
202 2112 283 2176 tibia
307 2113 452 2194 solitum,
480 2113 536 2194 qui
559 2133 643 2193 pone
666 2135 739 2176 eum
762 2114 949 2193 loquentem
973 2115 1080 2193 staret,

66 2203 142 2282 <et>
165 2202 260 2264 variis
284 2201 387 2264 modis
408 2204 478 2264 tum
497 2201 676 2264 demulcere
695 2200 838 2263 animum
857 2202 1079 2282 actionemque

67 2290 145 2369 eius,
166 2294 236 2352 tum
260 2290 431 2354 intendere.
474 2287 558 2364 Quid
581 2289 666 2351 enim
688 2289 773 2352 foret
795 2290 857 2352 ista
878 2311 911 2352 re
930 2289 1080 2370 ineptius,
1090 2304 1122 2351 la

67 2378 108 2458 si,
130 2381 167 2440 ut
189 2378 352 2461 planipedi
375 2379 515 2460 saltanti,
537 2379 583 2442 lta
606 2375 775 2441 Graccho
799 2379 999 2441 contionanti
1021 2400 1078 2440 nu-

66 2487 170 2529 meros
194 2470 226 2530 et
247 2468 359 2531 modos
378 2472 410 2531 et
428 2468 705 2550 frequentamenta
724 2468 880 2549 quaedam
899 2466 987 2530 varia
1005 2467 1078 2530 tibi·

25 2580 50 2620 as
65 2577 124 2619 een
146 2555 322 2620 incineret?
365 2554 427 2620 Sed
450 2557 506 2638 qui
528 2555 591 2619 hoc
610 2557 805 2640 compertius
824 2557 996 2620 memoriae
1015 2561 1077 2621 tra·
1089 2571 1121 2619 13

65 2644 227 2728 diderunt,
254 2645 380 2709 stetisse
408 2646 442 2708 in
470 2645 750 2710 circumstantibus
778 2646 889 2710 dicunt
912 2647 1078 2728 occultius,

64 2735 120 2816 qui
142 2734 251 2798 fistula
272 2733 362 2799 brevi
380 2735 497 2798 sensim
517 2735 754 2819 graviusculum
774 2757 888 2798 sonum
907 2736 1078 2818 inspiraret

64 2824 104 2886 ad
126 2823 364 2906 reprimendum
388 2824 626 2906 sedandumque
647 2825 775 2908 inpetus
794 2824 882 2888 vocis
901 2825 969 2887 eins
988 2825 1076 2888 effer-

63 2917 240 2996 vescentes,
263 2934 401 2995 namque
424 2913 555 2996 inpulsu
579 2918 611 2978 et
633 2914 787 2978 instinctu
811 2918 962 2977 extraneo
985 2917 1120 2977 natu-14

135 3109 167 3157 16
179 3121 238 3172 sqq.
253 3102 315 3158 Val.
326 3104 399 3158 Max.
409 3104 475 3159 VIII
486 3110 527 3171 10,
540 3111 553 3157 1
570 3103 664 3170 Quint.
674 3104 687 3157 I
698 3109 740 3172 10,
751 3110 784 3157 27
795 3105 868 3158 Plut.
879 3105 920 3158 'Ii
932 3104 1047 3159 Gracch.
1059 3111 1074 3169 2

63 3175 101 3263 de,
116 3174 159 3227 ira
179 3175 269 3228 cohib.
286 3181 301 3228 6
320 3175 374 3228 Dio
393 3175 467 3230 Cass.
483 3176 516 3229 fr.
532 3182 574 3244 84,
591 3181 606 3228 2
620 3176 656 3230 M.
676 3177 766 3231 Amm.
781 3176 858 3229 XXX
872 3183 897 3243 4,
914 3181 945 3229 19

133 3358 149 3403 2
163 3352 308 3407 homerum
317 3357 365 3406 Π
377 3353 380 3425 1
391 3353 529 3423 incepisse
541 3355 709 3409 Cornelissen
718 3354 753 3426 113
768 3355 818 3408 sed
831 3373 866 3408 m.
878 3355 935 3426 an]
946 3356 1023 3426 βονν.
1034 3374 1055 3406 ω
1065 3352 1075 3424 11

62 3429 95 3476 19
114 3422 219 3495 ferunt]
240 3425 337 3478 dicunt
350 3430 375 3478 R
388 3428 397 3495 11
411 3430 444 3478 20
469 3427 557 3480 staret
580 3427 609 3479 et
623 3428 709 3482 Hertz
724 3428 760 3495 (c)
779 3428 853 3479 stare
868 3447 889 3479 ω
903 3428 919 3493 11
927 3431 965 3477 aa
979 3426 1081 3476 inean-

61 3495 127 3548 dere
142 3511 157 3552 ς
174 3495 178 3567 1
194 3494 250 3548 ista
266 3495 308 3566 re]
324 3503 341 3550 ς
362 3498 436 3550 stare
450 3518 472 3551 ω
486 3499 496 3566 1
510 3502 544 3552 28
562 3495 804 3570 Etoberuescente
817 3494 1002 3566 &amman
1014 3501 1105 3537 mm-

60 3581 115 3632 que
133 3587 155 3620 ω
173 3583 239 3621 corr.
256 3568 339 3640 Mms
