2460 3848
343 173 523 229 OAPITVLA
544 174 606 228 hIB.
626 173 665 228 VI
683 174 776 246 (ovdpo¹
792 173 854 243 Vll)
1062 174 1103 237 17

78 340 230 422 Sabinus,
255 338 334 403 iuris
356 336 461 402 civilis
480 340 601 421 auctor,
624 336 774 420 pilleatos
792 337 969 401 venundari
988 336 1102 401 solitos

78 429 258 512 scripserit3
281 430 314 491 et
338 448 419 510 quae
438 427 599 510 mancipia
618 427 677 491 sub
697 447 816 491 corona
835 448 924 490 more
943 426 1103 491 maiorum

78 519 252 601 venierint,
276 520 372 600 atque
395 515 429 579 id
452 517 560 600 ipsum
584 515 655 580 ‘sub
680 517 808 580 corona'
834 515 912 599 quid
937 516 986 580 sit.

148 604 180 670 V
209 604 354 670 Historia
377 605 416 669 de
438 603 521 669 Polo
543 605 701 670 histrione
724 608 905 669 memoratu
930 604 1035 690 digna.

149 692 196 759 VI
220 694 304 772 Quid
323 694 362 758 de
381 694 583 778 quorundam
602 716 753 759 sensuum
768 694 910 759 naturah
923 693 1103 758 defectione

79 783 275 848 Aristoteles
299 783 472 867 scripserit.

147 871 210 938 VII
245 871 298 936 An
332 873 489 956 ‘affatim',
522 872 614 957 quasi
642 871 848 956 ‘admodum',
876 874 981 956 prima
1008 875 1103 936 acuta

79 961 356 1047 pronuntiandum
384 962 440 1046 sit;
468 965 501 1024 et
529 961 684 1046 quaedam
712 961 825 1026 itidem
852 984 918 1026 uon
941 962 1101 1026 incuriose

77 1056 218 1117 tractata
242 1072 339 1134 super
361 1050 498 1114 aliarum
521 1071 637 1114 vocum
661 1051 853 1114 accentibus.

147 1138 228 1205 'VIII
263 1139 328 1203 Res
360 1138 447 1203 ultra
474 1138 571 1202 fidem
599 1139 718 1202 tradita
745 1161 841 1222 super
867 1143 1009 1203 amatore
1039 1138 1104 1203 del-

78 1231 181 1314 phino
206 1232 239 1292 et
262 1248 363 1310 puero
387 1230 505 1291 amato.

147 1317 195 1382 IX
229 1316 388 1400 ‘Peposci’
418 1320 451 1380 et
478 1316 667 1398 ‘memordi’,
696 1317 838 1402 ‘pepugi'
864 1319 897 1380 et
921 1316 1101 1400 ‘spopondi’

79 1411 114 1470 et
138 1405 284 1470 ‘cacurri'
309 1405 480 1489 plerosque
503 1408 649 1468 veterum
673 1405 799 1488 dixisse,
825 1427 899 1489 non,
923 1406 972 1469 uti
990 1410 1104 1488 postea

80 1499 247 1578 receptum
271 1497 320 1557 est
343 1494 455 1577 dicere,
479 1517 536 1578 per
555 1516 574 1558 o
594 1499 650 1558 aut
667 1517 725 1578 per
742 1517 765 1557 u
784 1493 928 1558 litteram
946 1495 981 1559 in
998 1495 1104 1578 prima

80 1582 208 1668 syllaba
226 1583 376 1668 positam,
400 1588 497 1668 atque
516 1583 549 1647 id
568 1605 622 1648 eos
643 1581 781 1648 Graecae
800 1584 935 1648 rationis
954 1584 1102 1666 exemplo

80 1673 215 1758 dixisse3
234 1677 398 1756 praeterea
415 1677 575 1755 notatum,
595 1673 682 1758 quod
699 1673 763 1737 viri
780 1694 847 1737 non
863 1674 985 1738 indocti
999 1695 1104 1757 neque

80 1762 242 1848 ignobiles
271 1785 290 1827 a
322 1763 418 1827 verbo
448 1762 629 1827 ‘descendo’
658 1785 725 1827 uon
751 1762 933 1845 ‘descendi’,
962 1763 1017 1827 sed
1042 1763 1106 1826 ‘de-

80 1852 236 1916 scendidi’
263 1851 421 1916 dixerimt.

148 1940 179 2005 X
211 1939 300 2023 (Vt)
329 1941 523 2023 ‘ususcapio'
558 1940 706 2023 copulate
733 1944 821 2004 recto
850 1941 1000 2005 vocabuli
1028 1962 1104 2005 casu

79 2030 215 2112 dicitur,
248 2030 295 2092 ita
326 2029 588 2114 ‘pignorisoapio'
619 2030 788 2092 coniuncte
816 2029 927 2093 eadem
954 2030 1105 2094 vocabuli

80 2119 190 2182 forma
213 2117 337 2180 dictum
361 2139 439 2180 esse.

151 2203 198 2267 XI
231 2203 346 2287 Neque
369 2205 536 2268 levitatem
558 2226 662 2288 neque
684 2205 863 2289 nequitiam
887 2227 924 2268 ea
947 2205 1107 2290 signifiea-

81 2295 174 2356 tione
198 2314 280 2373 esse,
304 2314 367 2376 qua
390 2293 424 2356 in
447 2292 537 2378 volgi
561 2293 762 2357 sermonibus
786 2294 944 2357 dicuntur.

152 2379 215 2444 XII
253 2380 302 2444 De
337 2382 454 2445 tunicis
488 2381 669 2466 chiridotis3
707 2381 794 2466 quod
826 2404 935 2446 earum
968 2382 1106 2467 <usum>

83 2470 119 2534 P.
139 2471 313 2534 Africanus
337 2468 482 2554 Sulpicio
507 2469 599 2536 Gallo
624 2472 750 2536 obiecit.

150 2557 232 2624 XIII
264 2558 366 2636 Quem
392 2559 584 2625 ‘classicum'
609 2561 695 2625 dicat
715 2559 759 2625 M.
779 2560 868 2645 Oato,
892 2584 988 2645 quem
1012 2561 1109 2627 ‘infra

81 2649 244 2714 classem'.

151 2737 231 2802 XIV
266 2739 315 2803 De
348 2739 453 2803 tribus
486 2738 612 2803 dicendi
645 2740 843 2825 generibus,
861 2762 899 2805 ac
931 2740 969 2804 de
998 2742 1103 2806 tribus

82 2827 303 2911 philosophie,
328 2829 384 2912 qui
407 2828 447 2892 ab
471 2826 725 2893 Atheniensibus
749 2829 790 2893 ad
813 2834 960 2894 senatum
982 2829 1106 2894 Romae
1143 2866 1146 2873 ·

83 2917 186 3001 legati
216 2922 300 2981 sunt.

151 3004 214 3068 XV
245 3004 349 3082 Quam
373 3028 481 3071 severe
504 3007 649 3071 moribus
669 3007 830 3070 maiorum
847 3007 883 3070 in
899 3007 986 3070 fures
1005 3008 1108 3071 vindi-

83 3098 192 3159 catum
224 3095 282 3179 sit;
316 3099 348 3160 et
376 3096 454 3178 quid
482 3096 647 3179 scripserit
673 3095 800 3159 Mucius
829 3094 983 3161 Scaevola
1011 3117 1108 3180 super

81 3205 131 3267 ec,
157 3183 245 3267 quod
270 3185 463 3248 servandum
486 3183 598 3248 datum
621 3184 900 3249 commodatumve
924 3188 1016 3250 esset.
1077 3229 1080 3237 .

151 3270 232 3336 XVI
261 3272 367 3338 Locus
390 3273 570 3356 exscriptus
590 3277 757 3338 exsatura
774 3273 818 3336 M.
837 3273 1001 3357 Varronis,
1025 3296 1106 3357 quae
1199 3330 1218 3359 ,

82 3359 161 3445 περὶ
196 3361 384 3446 ἐδεσμάτων
413 3363 569 3445 inscripta
596 3366 658 3446 est,
690 3362 728 3426 de
755 3363 934 3447 peregrinis
962 3363 1122 3426 citiorem

84 3449 272 3535 generibus,
306 3454 338 3514 et
364 3451 505 3534 appositi
527 3473 641 3516 versus
660 3450 838 3536 hlurip'ihi,
865 3449 995 3533 uulnus
1016 3443 1147 3504 emma-

83 3542 192 3602 torum
214 3539 384 3604 hominurn
410 3541 640 3610 luxuriantem
663 3542 789 3633 gulam
811 3535 1029 3606 nemeaea.

131 3649 240 3692 cumve
255 3653 289 3693 ed
303 3655 420 3700 Hosr'ue
995 3635 1022 3681 εἰ*
