2460 3848
136 172 179 236 82
611 173 624 225 Ι
643 178 676 227 22

136 339 261 418 partem
279 335 466 418 ‘superesse'
481 335 527 398 ita
542 335 699 418 dixerunt,
717 338 754 398 ut
768 355 806 399 eo
820 334 918 397 verbo
934 333 1151 418 significarent

136 423 331 507 superfluere
350 427 382 488 et
401 444 609 507 supervacare
627 428 724 506 atque
744 445 812 487 esse
826 445 922 505 supra
936 422 1150 487 necessarium

110 512 276 577 emodum.
322 510 436 595 Itaque
459 511 501 576 M.
519 510 640 576 Varro
664 513 703 575 in
726 517 868 594 satura,
892 533 973 594 quae
996 512 1151 594 inscripta

137 604 185 665 est
214 600 339 664 nescis
368 600 459 683 quid
486 623 621 684 vesper
648 600 775 683 vehat,
807 600 1046 683 superfuisse
1073 600 1151 664 dicit

109 689 307 756 aimmodice
335 693 367 752 et
394 689 619 773 intempestive
646 689 753 755 fuisse.
799 687 906 761 Verba
934 711 972 752 ex
1000 710 1038 752 eo
1065 686 1150 752 libro
1179 715 1191 753 u

136 778 215 842 haec
239 783 313 842 sunt
332 779 387 859 (fr.
401 782 465 842 340
478 778 548 861 B.):
570 776 614 841 In
637 777 815 842 convivio
838 777 917 862 legi
939 798 1006 840 nec
1025 778 1151 840 omnia

137 867 275 931 debent
298 871 334 931 et
358 889 399 930 ea
422 868 680 950 potissimum,
703 888 797 949 quae
822 865 935 930 simul
958 866 1036 930 sint
1059 869 1151 947 βιω-

136 960 233 1038 φελῆ
255 960 292 1019 et
311 955 518 1037 delectent,
541 956 671 1038 potius
690 959 731 1018 ut
749 955 786 1018 id
806 976 956 1038 quoque
974 955 1151 1018 videatur

136 1065 210 1107 non
234 1044 402 1109 defuisse
425 1066 535 1127 quam
559 1045 805 1128 superfuisse.

111 1153 126 1200 6
203 1131 336 1197 Memini
359 1155 419 1218 ego
443 1134 614 1217 praetoris,
637 1133 723 1196 docti
746 1130 897 1214 hominis,
920 1131 1076 1195 tribunali
1099 1154 1151 1196 me
1166 1158 1191 1196 ιο

135 1221 219 1285 forte
242 1222 390 1286 assistere
413 1226 510 1304 atque
533 1222 579 1285 ibi
599 1223 790 1286 advocatum
808 1243 874 1284 uon
892 1219 1085 1285 incelebrem
1105 1220 1151 1284 sic

136 1310 313 1393 postulare,
340 1315 376 1374 ut
400 1314 490 1375 extra
513 1332 642 1375 causam
665 1310 783 1375 diceret
805 1331 950 1392 remque,
973 1330 1055 1391 quae
1078 1330 1151 1393 age-

135 1399 243 1482 batur,
275 1420 340 1463 uon
370 1399 550 1485 attingeret.
601 1398 692 1463 Tunc
718 1403 898 1482 praetorem
927 1399 969 1479 ei,
1001 1398 1073 1461 cuia
1100 1419 1150 1461 res

136 1492 217 1569 erat,
245 1488 362 1552 dixisse
390 1489 580 1552 advocatum
608 1509 681 1551 eum
708 1510 775 1551 nou
801 1487 932 1568 habere,
960 1490 992 1550 et
1017 1506 1089 1549 cum
1114 1487 1152 1568 is,

136 1577 192 1658 qui
215 1576 312 1639 verba
335 1575 487 1658 faciebat,
509 1576 725 1640 reclamasset:
750 1577 822 1660 ‘ego
851 1576 899 1639 illi
923 1573 960 1638 V.
986 1573 1018 1638 O.
1043 1597 1192 1657 super-15

136 1665 230 1745 sum',
243 1664 445 1746 respondisse
459 1668 638 1747 praetorem
652 1664 822 1729 festiviter:
840 1664 887 1728 ‘tu
902 1663 997 1747 plane
1011 1686 1152 1747 superes,

135 1773 202 1815 nou
224 1753 320 1816 ades'.

110 1860 125 1908 ‘1
202 1839 244 1902 M.
268 1843 375 1903 autem
400 1839 532 1904 Cicero
556 1841 595 1903 in
617 1839 732 1923 libr0‚
760 1840 815 1923 qui
838 1841 1012 1925 inscriptus
1036 1845 1084 1905 est
1108 1841 1151 1904 de

136 1928 217 1991 iure
246 1929 355 1992 civili
383 1929 421 1992 in
448 1933 567 1994 artem
595 1929 803 2014 redigendo
831 1932 885 2012 (fr.
904 1934 927 1994 2
945 1952 978 2011 p.
998 1934 1061 1993 980
1084 1927 1153 1994 01.2

135 2016 367 2100 11111111),
394 2018 490 2081 verba
517 2017 597 2083 haec
624 2018 746 2101 posuit:
774 2040 842 2082 uec
869 2040 958 2082 vero
987 2018 1193 2083 scientiam

135 2105 232 2169 iuris
265 2106 473 2171 maioribus
507 2107 585 2172 suis
614 2106 649 2183 Q.
673 2105 807 2171 Aelius
836 2106 984 2171 Tubero
1013 2106 1152 2190 defuit,

137 2194 312 2258 doctrina
335 2195 449 2259 etiam
473 2196 673 2280 superfuit.
715 2192 755 2259 In
777 2217 841 2278 quo
864 2195 937 2260 loco
957 2195 1152 2278 superfuit

136 2282 317 2368 significare
339 2285 466 2348 videtur
487 2285 596 2369 ‘supra
613 2285 676 2349 fuit
695 2289 727 2348 et
745 2285 906 2369 praestitit
925 2285 1152 2367 superavitque

136 2372 271 2436 maiores
295 2394 369 2437 suos
393 2373 539 2438 doctriua
562 2395 619 2438 sua
642 2374 852 2456 superfluenti
874 2377 983 2437 tamen
1003 2377 1035 2436 et
1054 2372 1151 2437 nimis

135 2461 337 2525 abundanti':
356 2461 540 2545 disciplinas
560 2462 644 2526 enim
664 2461 812 2526 Tubero
832 2461 948 2527 stoicas
968 2461 1194 2527 dialecticasse

108 2567 125 2615 8
135 2549 354 2631 percalluerat.
390 2547 435 2613 Iu
452 2548 554 2614 libro
569 2572 697 2634 quoque
712 2551 755 2615 de
769 2551 968 2634 republica
983 2552 1151 2615 secundo

136 2635 341 2721 (11121,32)
359 2637 392 2700 id
411 2639 517 2721 ipsum
535 2640 669 2703 uerbum
684 2636 817 2704 Cicero
837 2640 929 2722 ponit
947 2661 1013 2703 uon
1030 2644 1152 2704 temere

136 2725 373 2790 transeundum.
429 2724 537 2790 Verba
573 2749 613 2791 ex
645 2749 682 2791 eo
715 2728 798 2792 libro
830 2729 910 2792 haec
941 2732 1029 2793 sunt:
1065 2726 1152 2792 Non

137 2833 330 2897 gravarer,
361 2813 482 2897 Laeli,
513 2816 588 2880 uisi
621 2821 657 2880 et
689 2816 757 2882 hos
786 2815 885 2880 velle
913 2821 1084 2899 putarem
1114 2822 1152 2881 et

136 2902 218 2984 ipse
242 2924 416 2985 cuperem
440 2908 477 2967 te
501 2925 651 2986 quoque
676 2904 843 2988 aliquam
867 2909 1012 2988 partem
1036 2905 1194 2970 huiusao

136 2991 261 3054 nostri
284 2992 470 3056 sermonis
489 2993 697 3079 attingere,
720 2994 947 3077 praesertim
966 3015 1047 3059 oum
1066 2993 1151 3057 heri

138 3116 304 3123 —---—.-.-
314 3119 350 3124 ---

208 3187 224 3234 8
243 3184 272 3236 et
289 3183 386 3252 pocius
400 3189 422 3235 V
436 3187 445 3253 11
460 3189 475 3237 9
494 3185 570 3251 quod
585 3185 647 3253 (aie)
663 3184 833 3253 superfuisse
848 3187 928 3256 11111.
945 3206 966 3238 ω
982 3202 1038 3239 non
1052 3185 1152 3239 uidea—

135 3253 182 3306 tur
204 3253 295 3322 magis
316 3253 439 3309 defuisse
457 3272 540 3323 quam
560 3256 730 3325 superfuisse
749 3257 826 3311 codd.
843 3257 986 3311 Carrioais
1003 3257 1099 3325 potius
1117 3274 1153 3311 es

135 3340 159 3378 o.
175 3327 194 3377 8
207 3331 273 3393 post
290 3324 412 3379 defuisse
430 3333 564 3394 1111111111.
586 3327 688 3398 Voyetn
704 3331 736 3380 13
760 3327 806 3380 cui
824 3331 867 3396 21
881 3332 915 3380 20
934 3328 1092 3396 composuit
1110 3330 1153 3401 111

136 3400 169 3449 21
186 3393 230 3465 Q]
241 3412 257 3455 ς
268 3411 322 3463 que
336 3396 478 3469 11111125
493 3399 522 3451 et
536 3397 603 3451 dial.
614 3397 846 3470 ω111111111Δ1126
862 3397 897 3452 de
910 3399 981 3469 rep]
991 3416 1008 3458 ς
1018 3398 1047 3451 P.
1058 3416 1078 3453 a.
1090 3417 1117 3468 p.
1130 3421 1152 3453 ω

130 3465 164 3517 1'12
175 3467 341 3522 -secundo
360 3484 410 3523 om.
426 3474 449 3521 A
461 3471 471 3539 11
486 3474 518 3522 27
539 3468 593 3523 Cio.
608 3468 701 3540 ponit]
715 3474 738 3521 A
753 3467 893 3524 Ciceronis
908 3490 929 3523 ω
943 3472 952 3538 11
967 3475 1000 3524 29
1018 3469 1095 3525 labei
1110 3473 1150 3544 111

117 3535 254 3601 etstrms
270 3554 322 3593 om.
338 3544 361 3592 A
