2460 3848
132 170 247 227 XXXVI
380 216 384 221 .
536 170 740 224 PRAEFATIO

132 342 218 419 epist.
241 341 256 398 I
284 333 349 420 (Kr.
374 333 429 420 39)
448 372 485 380 -
505 343 542 398 11
573 359 612 397 on
639 359 674 399 ex
696 332 845 419 Probo?¹)
864 371 901 379 -
921 342 970 411 12,
994 339 1079 397 4-5
1100 357 1144 398 cx

133 430 270 507 Scipione
283 431 303 489 l.
318 431 347 503 1.,
363 427 383 504 ξ
399 429 471 504 6sq.
490 447 509 488 o.
523 426 619 488 Gellio
639 428 757 488 additae
776 420 981 508 sunt(Ru.15
997 428 1043 486 Vr.
1055 421 1144 508 334).

132 519 236 578 Malim
253 522 351 578 bobum
369 521 460 594 ceput
477 520 595 594 praeter
613 515 632 591 ξ
648 519 666 576 6
691 521 721 577 66
739 518 864 577 fortasse
886 519 902 575 λ
923 517 961 575 sd
980 517 1146 576 Varronem

132 627 271 668 revocare
298 607 336 666 ed
360 606 541 683 eundemque
564 606 766 685 Augmbinum
789 607 881 666 doctr.
901 604 1145 681 obissemus,

135 700 176 756 20
200 699 236 755 de
258 699 427 756 tunicarum
450 696 633 773 prolixorum
655 695 736 772 apud
753 695 903 755 Romanos
925 714 981 754 usu
1002 695 1145 756 disseren-

133 790 207 859 bem,
233 786 286 861 qui
307 786 467 844 Reatinum
489 787 625 844 nominat
646 784 677 842 Π
698 787 746 842 17.
792 784 837 844 De
860 783 990 844 verbibus
1013 785 1065 844 ille
1088 785 1146 844 dif-

134 877 198 936 fuse
222 877 285 952 egit
307 876 338 932 in
361 875 438 934 libro
461 874 497 933 de
519 875 584 933 vice
604 874 709 950 populi
727 874 854 932 Romani
871 873 968 950 primo
987 865 1053 954 (cfr.
1067 874 1145 933 Non.
1165 871 1168 876 ’

134 964 204 1024 XIV
231 983 253 1023 s.
277 983 304 1022 v.
330 967 408 1037 λογιι,
440 963 594 1030 subucula,
626 965 776 1029 ricinium,
808 963 929 1030 οολλνλα,
961 961 1147 1032 modulatum,

133 1045 312 1134 Ῑλυνινιοννι)
345 1071 398 1111 nec
429 1071 489 1111 non
521 1052 615 1112 altero
642 1053 789 1127 tertioque
797 1043 821 1132 ²)
848 1084 886 1091 —
914 1053 953 1110 13
984 1071 1020 1110 ex
1046 1050 1148 1110 Verrii

135 1143 171 1201 de
197 1143 327 1202 obscuris
356 1140 476 1200 Catonis
505 1132 574 1221 (Me.
599 1141 663 1199 660
690 1140 741 1198 Kr.
767 1141 806 1198 76
836 1141 890 1198 Ru.
912 1134 1022 1221 12)-
1042 1143 1082 1198 14
1111 1161 1147 1200 ex

133 1230 268 1290 Varrone
287 1223 357 1312 (Me.
378 1231 439 1289 651
464 1229 516 1287 Kr.
536 1222 592 1310 49)
611 1262 648 1270 -
668 1231 706 1287 15
732 1248 766 1288 ex
784 1228 920 1288 Labeone
939 1231 958 1287 l.
977 1230 996 1288 l.
1021 1221 1082 1311 (Di.
1104 1233 1145 1288 48

136 1321 202 1379 edn.
223 1323 285 1379 103
309 1320 365 1378 Me.
385 1320 448 1377 648
473 1320 527 1377 Ru.
548 1320 603 1393 643
623 1320 664 1377 66
688 1318 741 1377 Ne.
763 1311 840 1398 268)
858 1351 895 1358 -
915 1320 954 1377 17
983 1320 1082 1378 nescio
1108 1339 1147 1378 an

136 1429 170 1470 ex
188 1409 303 1482 Verrio,
326 1409 377 1468 sed
395 1409 505 1467 Paulus
528 1427 634 1484 parum
657 1409 796 1466 iuvet-
816 1408 855 1465 18
880 1411 910 1468 66
934 1409 984 1481 19,
1005 1411 1088 1465 1—7
1112 1429 1147 1466 ex

135 1500 260 1575 Nepotis
288 1497 430 1574 exemplis
454 1489 523 1577 (Me.
544 1497 607 1555 668
631 1495 681 1554 Kr.
702 1498 720 1553 5
745 1496 799 1554 Ru.
821 1499 875 1570 203
895 1499 936 1555 34
960 1497 1013 1555 Ne.
1034 1491 1146 1579 261)3)

139 1621 176 1628 -
195 1590 236 1646 20
264 1606 299 1644 ex
325 1586 446 1664 Hygino
475 1578 539 1666 (Kr.
561 1588 614 1659 773
639 1585 694 1658 823
721 1584 768 1642 vd.
792 1585 847 1643 Me.
871 1604 939 1643 nnn.
960 1577 1084 1665 719)⁴),
1113 1607 1148 1644 ex

135 1674 233 1735 Probo
251 1676 305 1734 Ne.
322 1676 385 1733 274
405 1677 514 1734 rectius
534 1675 640 1750 opinor
656 1706 693 1713 -«
711 1676 749 1732 21
772 1692 810 1731 an
829 1693 863 1731 ex
881 1674 974 1732 'Iauri
992 1674 1148 1734 doctrine?

137 1785 196 1823 non
224 1767 268 1822 itu
295 1765 420 1836 distent,
448 1781 524 1839 queo
547 1762 606 1821 VH
627 1764 666 1821 13
696 1761 731 1820 de
759 1765 932 1838 quaestione
957 1764 1149 1841 argutissima

136 1871 206 1912 sene
230 1856 260 1911 66
282 1854 454 1912 acutissimo
473 1847 603 1926 ‘quondo
622 1853 749 1910 moriens
768 1846 933 1925 morietur’,
956 1852 1150 1929 disputantur

141 1976 179 1982 -
198 1945 238 2000 22
262 1942 388 2001 sortasse
411 1960 446 1999 ex
464 1940 569 2000 Verrio
593 1940 629 2000 de
652 1939 783 1999 obscuris
807 1938 928 2000 Catonis
948 1934 1016 2023 (Ru.
1039 1935 1103 2022 12).

203 2031 263 2088 VH
282 2033 301 2089 3
325 2033 355 2089 et
379 2032 398 2087 4
422 2049 457 2088 ex
480 2030 632 2089 Tuberone
652 2021 721 2110 (Me.
742 2030 804 2087 666
829 2030 884 2088 Ru.
906 2031 965 2105 163⁴
979 2024 1044 2109 20),
1069 2033 1151 2106 quod

137 2123 222 2180 noris
245 2119 433 2179 adminiculis
455 2122 555 2194 potest
572 2119 679 2177 fulciri.
722 2117 796 2177 (ium
815 2121 911 2195 capite
931 2120 950 2178 3
970 2119 1152 2179 adverbum

137 2211 333 2282 consentiunt,
352 2227 427 2284 quae
445 2209 539 2267 trudit
556 2209 614 2267 Dio
636 2207 752 2267 Cassius
767 2208 802 2265 fr.
818 2210 869 2281 43,
885 2210 925 2267 23
936 2208 989 2266 M.:
1003 2202 1151 2292 Ῥηγούλῳ
1218 2283 1221 2289 ¹

138 2296 217 2377 παρὰ
240 2297 291 2360 τὸν
310 2296 468 2377 Βαγράδαν
488 2295 621 2373 ποταμὸν
639 2293 928 2380 στρατοπεδευομένῳ
948 2295 1065 2376 δράκων
1084 2295 1152 2358 ἐπε-

138 2386 221 2464 φάνη
257 2383 472 2465 ὑπερμεγέθης·
509 2384 714 2465 κατειργάσατο
752 2377 780 2444 δ’
818 2383 910 2446 αὐτὸν
946 2382 962 2445 δ
995 2380 1152 2464 Ῥήγουλος

138 2475 247 2553 πλήθει
265 2483 447 2554 στρατιωτῶν
465 2472 514 2533 καλ
533 2478 679 2553 μηχαναῖς
697 2473 878 2552 λιθοβόλοις·
898 2466 1032 2553 (Zonar.)
1052 2520 1058 2532 .
1075 2521 1081 2532 .
1101 2475 1153 2535 καλ

140 2561 345 2644 ἀποδείραντες
373 2561 464 2624 αὐτὸν
491 2561 594 2623 ἔστειλε
618 2556 688 2644 (sic)
712 2560 766 2639 τὴν
790 2560 882 2640 δορὰν
905 2560 997 2621 αὐτοῦ
1021 2570 1054 2646 τη
1078 2579 1153 2644 συγ-

140 2652 235 2735 κλήτῳ
251 2645 361 2730 Ῥώμης
384 2648 456 2731 μέγα
478 2656 594 2729 θαῦμα·
619 2649 667 2710 καλ
691 2648 769 2730 παρὰ
792 2660 844 2728 της
864 2649 955 2729 αὐτῆς
973 2656 1154 2729 μετρηθεῐσα

140 2741 305 2821 συγκλήτου
333 2738 442 2820 εὑρέθη
470 2739 575 2819 ἔχουσα
603 2748 697 2817 μῆκος
723 2738 825 2799 ποδῶν
852 2738 955 2800 ἑκατὸν
977 2739 1069 2800 εἴκοσι
1094 2736 1152 2821 (Ιο.

139 2823 249 2913 Dum).
289 2831 334 2889 Ex
353 2830 506 2889 Tuberone
529 2831 623 2908 igitur
640 2830 699 2888 Dio
722 2830 831 2903 hausit,
854 2832 953 2888 utrum
975 2848 1009 2887 ex
1027 2831 1093 2906 ipso
1113 2851 1153 2889 en

139 2921 242 2997 eliquo
270 2910 515 2999 intercedenbe5),
543 2919 618 2976 nihil
646 2918 684 2976 ed
711 2937 772 2977 nos.
818 2918 853 2975 in
879 2919 1056 2978 cruciatibus
1081 2940 1154 2979 vero

140 3007 230 3068 Atilii
258 3007 454 3068 describendis
482 3008 561 3066 idem
585 3000 703 3089 (Zonar.
722 3006 796 3065 VIII
817 3000 871 3087 15)
898 3008 1027 3066 vacillet.
1074 3009 1155 3067 Nom

212 3201 238 3266 1)
258 3195 312 3251 Cir.
327 3196 380 3249 Me.
396 3200 446 3248 667
465 3195 512 3249 Kr.
528 3201 561 3248 47
580 3194 631 3248 Ne.
647 3200 707 3248 271.
816 3197 842 3264 2)
862 3193 915 3248 cfr.
931 3196 961 3249 66
975 3194 1112 3248 Swobodo
1128 3201 1154 3249 6.

212 3272 239 3338 3)
257 3267 304 3321 Sic
322 3267 423 3321 Nissen
443 3268 518 3321 Krit.
539 3267 643 3321 [λυσαν.
662 3282 697 3320 τα
712 3307 718 3320 .
734 3307 740 3319 .
755 3267 817 3320 Dio.
833 3271 885 3318 214
903 3265 1058 3319 Mommsen
1073 3267 1154 3321 Rom.

141 3338 360 3395 Ferreolum
378 3338 491 3392 Msmzer
508 3342 567 3391 326.

212 3414 239 3479 ι)
259 3408 456 3495 Ofr31ciobeck
470 3415 517 3475 τος
534 3413 592 3491 ιτα
650 3479 656 3492 ·
949 3478 955 3490 ,

120 3485 239 3602 ν
258 3480 614 3536 ν
636 3478 899 3623 u
