2460 3848
127 153 146 215 6
361 152 573 207 PRAEFATIO.
612 153 791 207 CAPITVLA
809 154 874 208 LlB.
891 155 904 207 Ι

125 319 213 398 volo,
237 338 333 398 quam
357 316 433 379 dum
457 338 511 380 ero
534 317 574 379 ad
597 316 680 379 hanc
704 339 831 400 quoque
854 317 1040 381 facultatem
1065 320 1143 381 scri-

124 406 220 470 bendi
244 406 543 488 commentandique
566 407 707 470 idoneus.

80 512 113 560 25
192 492 304 577 Capita
322 517 438 577 rerum,
461 516 542 577 quae
562 496 677 578 cuique
696 497 925 559 commentario
944 498 1062 580 insunt,
1087 519 1141 561 ex-

124 583 290 666 posuimus
312 583 366 647 hic
389 585 545 667 universa,
571 588 606 647 ut
630 585 693 647 iam
719 584 826 647 statim
851 585 1036 669 declaretur,
1061 587 1141 669 quid

124 693 187 754 quo
212 674 246 734 in
268 673 351 736 libro
376 673 485 754 quaeri
509 673 708 754 invenirique
732 673 841 756 possit.
1155 701 1168 741 5

350 1065 588 1139 CAPITVLA
614 1067 745 1138 LIBRI
773 1067 910 1138 PRlMl

187 1221 203 1286 I
236 1222 331 1299 Quali
358 1225 565 1306 proportione
594 1225 773 1307 quibusque
797 1223 1040 1288 collectionibus
1063 1225 1140 1288 Plu-

121 1313 249 1376 tarchus
285 1314 513 1377 ratiocinatum
550 1335 618 1376 esse
649 1313 868 1398 Pythagoram
905 1313 1139 1397 philosophum

122 1401 238 1465 dixerit
270 1402 309 1465 de
340 1402 637 1485 comprehendenda
666 1403 806 1484 corporis
835 1403 1041 1486 proceritate,
1074 1426 1139 1486 qua

120 1490 183 1554 fuit
205 1489 376 1573 Hercules,
401 1513 474 1554 cum
497 1492 597 1555 vitam
620 1492 704 1554 inter
726 1491 873 1554 homines
897 1491 1027 1555 viveret.

186 1577 219 1642 H
246 1577 298 1643 Ab
327 1578 455 1643 Herode
478 1578 588 1643 Attico
613 1577 646 1642 Ο.
665 1578 705 1642 V.
728 1580 917 1662 tempestive
946 1579 1139 1664 deprompta

120 1669 155 1731 in
169 1670 327 1750 quendam
341 1670 512 1731 iactantem
528 1672 560 1731 et
574 1668 751 1753 gloriosum
766 1669 1010 1750 adulescentem,
1029 1671 1137 1751 specie

120 1760 246 1820 tantum
269 1756 495 1840 philosophiae
518 1761 716 1840 sectatorem,
739 1757 836 1821 verba
859 1757 1001 1841 Epicteti
1024 1757 1138 1843 Stoici,

120 1845 237 1929 quibus
265 1845 424 1910 festiviter
450 1869 467 1908 a
493 1869 567 1909 vero
592 1845 700 1910 Stoico
725 1847 864 1911 seiunxit
886 1846 1001 1932 volgus
1024 1849 1138 1931 loqua-

120 1935 205 1998 cium
227 1935 434 2018 nebulonum,
459 1936 514 2017 qui
537 1957 570 1998 se
595 1933 721 2000 Stoicos
744 1940 974 2019 nuncuparent.

185 2021 234 2086 III
267 2021 359 2098 Quod
392 2021 485 2089 Chilo
513 2024 784 2089 Lacedaemonius
817 2025 986 2088 consilium
1019 2047 1137 2110 anceps

118 2134 176 2195 pro
208 2113 310 2176 salute
339 2114 433 2178 amici
461 2114 558 2198 cepit,
592 2113 740 2197 quodque
768 2118 816 2178 est
844 2115 1072 2197 circumspecte
1103 2120 1137 2180 et

119 2202 212 2265 anxie
250 2203 527 2284 considerandum,
564 2225 605 2266 an
639 2226 697 2286 pro
731 2202 924 2267 utilitatibus
957 2202 1137 2268 amicorum

119 2290 368 2374 delinquendum
392 2292 563 2375 aliquando
588 2293 642 2376 sit3
668 2295 842 2375 notataque
865 2291 946 2355 inibi
970 2296 1001 2356 et
1024 2293 1137 2374 relata,

119 2401 200 2462 quae
228 2385 259 2444 et
282 2379 523 2465 Theophrastus
547 2385 578 2444 et
601 2381 645 2444 M.
667 2379 777 2444 Cicero
802 2403 897 2463 super
919 2403 956 2443 ea
978 2403 1011 2444 re
1035 2382 1137 2466 scrip-

118 2474 235 2532 serunt.

183 2556 231 2621 IV
255 2556 358 2633 Quam
376 2560 516 2623 tenuiter
535 2559 722 2642 curioseque
741 2558 954 2642 exploraverit
971 2555 1137 2642 Antopius

118 2644 261 2710 Iulianus
290 2649 324 2711 in
353 2649 497 2712 oratione
520 2646 562 2710 M.
582 2646 681 2711 Tullii
708 2648 797 2712 verbi
822 2647 860 2712 ab
885 2669 922 2711 eo
947 2648 1063 2711 mutati
1087 2671 1137 2712 ar-

164 2737 250 2800 tiam.

120 2757 163 2820 gu
184 2823 215 2889 V
244 2824 337 2901 Quod
360 2824 593 2889 Demosthenes
621 2825 730 2890 rhetor
759 2826 847 2889 cultu
871 2825 1014 2908 eorporis
1038 2830 1136 2907 atque

117 2914 235 2978 vestitu
256 2914 383 2997 probris
403 2914 542 2977 obnoxio
562 2914 738 2998 infamique
758 2914 916 2978 munditia
934 2915 1009 2998 fuit3
1034 2916 1135 2997 quod-

119 3025 180 3086 que
218 3005 295 3066 item
328 3001 520 3067 Hortensius
553 3007 661 3068 011101
694 3004 735 3068 ob
768 3003 925 3067 eiusmodi
957 3005 1135 3069 munditias

118 3096 307 3176 gestumque
335 3092 370 3154 in
397 3092 520 3174 agendo
548 3093 773 3157 histrionicum
796 3091 971 3175 Dionysiae
995 3095 1136 3158 saltatri-

119 3181 209 3244 culae
232 3185 445 3264 cognomento
471 3181 682 3264 compellatus
706 3185 763 3246 est.

189 3397 205 3443 3
225 3390 326 3461 Oapita
345 3423 379 3432 -
397 3392 498 3463 possit]
518 3391 643 3462 capitula
661 3391 746 3462 primi
764 3390 831 3446 libri
848 3392 914 3446 hine
932 3391 1037 3446 relinco
1055 3398 1078 3444 B

192 3462 394 3530 cantatorum,
421 3480 491 3532 quae
517 3465 549 3517 iu
576 3464 732 3518 rectioribus
753 3464 892 3519 1011111111
914 3464 993 3518 libris
1013 3465 1135 3533 sinyulis

86 3531 231 3593 praem
252 3541 376 3602 11111111,
402 3536 500 3591 uanae
520 3535 647 3593 1101101111
669 3541 734 3593 oute
756 3535 819 3604 ipsa
841 3535 1136 3603 assasonthamar
