2460 3848
145 176 188 239 84
619 172 632 225 1
650 178 683 225 aa

97 355 130 403 14
208 335 261 400 An
289 341 397 399 autem
423 336 610 418 ‘superesse'
636 333 780 399 dixerint
797 338 919 398 veteres
943 355 1001 418 pro
1027 335 1157 398 ‘restare

97 443 130 491 15
142 431 174 489 et
202 425 414 509 perficiendae
441 425 487 487 rei
517 423 647 505 deesse’,
674 424 912 505 quaerebamus.
963 421 1048 486 Nam
1077 420 1158 486 Sal·

145 514 287 578 lustius
306 514 341 576 in
359 513 594 596 significatione
612 513 674 577 ista
687 533 754 575 non
768 512 967 595 ‘superesse',
985 513 1040 575 sed
1055 512 1159 595 ‘supe-

143 602 225 665 rare'
255 602 340 665 dicit.
386 600 494 664 Verba
521 601 589 664 eius
612 601 651 664 in
673 599 861 684 Iugurtha
884 599 1002 683 (LXX
1018 600 1056 683 2)
1078 599 1159 663 haec

142 695 231 754 sunt:
263 688 299 754 ls
332 690 556 773 plerumque
587 711 758 753 seorsum
785 712 804 753 a
830 710 919 772 rege
947 689 1158 752 exercitum
1186 714 1198 754 s

141 779 298 842 ductare
327 783 363 842 et
387 779 508 842 omnis
532 799 591 842 res
614 777 752 859 exequi
775 777 916 841 solitus
941 782 1035 859 erat,
1063 798 1158 858 quae

139 865 351 951 Iugurthae
383 866 485 930 fesso
518 870 583 929 aut
615 865 825 930 maioribus
856 865 1019 929 astricto
1048 888 1159 948 supe-

95 959 327 1022 lcra‘verant.
370 953 433 1019 Sed
450 955 630 1019 invenimus
649 955 688 1018 in
706 955 824 1018 tertio
844 953 944 1017 Enni
962 954 1158 1018 annalium

139 1043 428 1127 (1641111143.)
452 1045 486 1106 in
508 1043 572 1106 hoc
593 1065 701 1108 versu:

183 1185 271 1248 inde
295 1185 369 1249 sibi
393 1189 577 1248 memorat
600 1207 713 1248 unum
737 1207 851 1268 super
870 1206 951 1248 esse
970 1186 1198 1268 laborem,1o

140 1328 173 1391 id
197 1333 245 1392 est
267 1328 401 1390 relicum
421 1349 489 1391 esse
511 1331 542 1390 et
560 1331 689 1409 restare,
713 1327 808 1408 quod,
831 1325 906 1409 quia
924 1325 958 1389 id
977 1330 1035 1407 est,
1058 1325 1158 1390 divise

138 1415 412 1499 pronuntiandum
446 1419 508 1497 est,
539 1421 576 1478 ut
607 1437 674 1479 non
705 1438 769 1479 una
801 1437 875 1498 pars
906 1414 1060 1478 orationis
1089 1436 1158 1478 esse

95 1504 298 1586 irrideatur,
326 1504 381 1568 sed
409 1504 496 1566 duae.
545 1502 677 1567 Cicero
701 1508 808 1567 autem
832 1504 871 1566 in
895 1503 1060 1567 secunda
1083 1501 1158 1566 An-

138 1594 383 1656 tonianarum
407 1591 506 1673 (Phil.
522 1591 629 1669 1129,
644 1593 714 1674 71),
740 1591 827 1673 quod
850 1596 899 1655 est
921 1592 1069 1674 relicum,
1092 1612 1159 1655 non

140 1681 341 1763 ‘superesse',
364 1679 419 1742 sed
443 1680 584 1743 ‘restare’
610 1680 696 1744 dicit.
1174 1706 1199 1746 15

96 1786 129 1834 18
207 1767 338 1831 Praeter
377 1766 457 1830 haec
497 1768 684 1850 ‘superesse'
722 1769 902 1832 invenimus
941 1769 1061 1832 dictum
1099 1791 1158 1851 pro

95 1874 128 1921 19
142 1855 359 1938 ‘superstitem
392 1857 480 1919 esse’.
531 1854 581 1920 Ita
613 1857 698 1920 enim
731 1857 886 1940 scriptum
915 1862 963 1921 est
990 1858 1029 1921 in
1056 1857 1158 1921 libro

140 1945 395 2027 epistularum
424 1944 465 2007 M.
491 1943 689 2009 Ciceronis
719 1946 765 2008 ad
791 1946 826 2008 L.
850 1945 1032 2009 Plancum
1061 1950 1092 2010 et
1120 1947 1160 2009 in

141 2033 309 2116 epistula
337 2031 379 2096 M.
403 2030 515 2097 Asini
546 2033 739 2098 Pollionis
772 2035 817 2097 ad
848 2033 1068 2098 Ciceronem
1103 2034 1162 2116 (cd

137 2123 215 2202 fam.
231 2121 268 2184 X
279 2127 329 2198 33,
344 2122 377 2205 5)
397 2121 502 2186 verbis
525 2121 590 2186 his:
613 2121 707 2186 Nam
734 2144 855 2205 neque
879 2124 1008 2187 deesse
1031 2123 1159 2205 reipu-
1175 2151 1201 2189 20

140 2211 264 2274 blicae
293 2211 383 2274 volo
408 2232 530 2292 neque
554 2233 770 2294 superesse,
798 2233 855 2294 per
878 2212 965 2293 quod
988 2212 1161 2295 significat,

96 2317 131 2365 20
142 2299 170 2364 si
192 2299 375 2382 respublica
398 2300 573 2363 emoriatur
596 2305 628 2364 et
650 2304 769 2383 pereat,
791 2300 878 2363 nolle
902 2322 935 2364 se
958 2301 1071 2363 vivere.
1116 2298 1161 2364 In

141 2387 271 2451 Plauti
290 2392 397 2451 autem
411 2384 593 2471 Asinaria
612 2389 812 2454 manifestius
831 2388 864 2451 id
881 2389 987 2471 ipsum
1002 2389 1160 2471 seriptum

143 2480 191 2540 est
205 2477 239 2538 in
253 2475 303 2539 his
318 2476 473 2558 versibus,
488 2477 543 2557 qui
557 2481 633 2541 sunt
647 2478 715 2540 eius
731 2477 913 2540 comoediae
928 2477 1021 2560 primi
1039 2475 1161 2562 (v.16):

187 2616 287 2680 sicut
310 2620 416 2680 tuum
440 2617 497 2680 vis
520 2617 673 2681 unicum
697 2621 852 2702 gnatum
876 2623 963 2681 tuae
1176 2647 1202 2686 aa

187 2703 386 2787 superesse
409 2705 512 2769 vitae
536 2706 720 2789 s6spitem
745 2712 781 2771 et
805 2706 1062 2789 superstitem.

98 2863 131 2910 21
211 2843 358 2909 Cavenda
381 2845 482 2930 igitur
504 2850 552 2910 est
574 2868 641 2910 non
661 2847 875 2930 inproprietas
895 2849 963 2912 sola
981 2849 1081 2930 verbi,
1105 2850 1162 2912 sed

143 2933 240 2997 etiam
268 2934 409 3016 pravitas
438 2935 568 3017 ominis,
596 2936 623 2999 si
651 2937 722 3018 quis
751 2937 858 3000 senior
884 2937 1057 3001 advocatus
1084 2938 1162 3001 adu-

142 3022 276 3085 lescenti
301 3023 476 3104 ‘superesse
500 3025 544 3087 se’
569 3024 662 3088 dicat.

217 3217 231 3264 1
252 3211 446 3282 denivies,
462 3219 509 3282 50÷
528 3221 588 3282 cvr,
605 3222 638 3269 13
747 3221 780 3269 16
800 3216 885 3270 schol.
901 3216 967 3270 Luc.
982 3216 1047 3270 vm
1061 3221 1114 3270 aaa

186 3359 189 3365 Ι
217 3389 276 3443 bis
292 3406 308 3448 ς
327 3390 378 3443 His
393 3411 414 3444 ω
434 3392 483 3459 qui
501 3391 568 3446 Sall.
582 3399 615 3446 at
629 3393 684 3446 uid.
700 3396 708 3462 ll
724 3397 756 3446 11
776 3408 833 3460 qua
851 3392 882 3446 id
900 3396 944 3448 est
960 3394 1027 3448 Otho
1046 3396 1163 3461 quando

143 3463 188 3513 eat
204 3461 309 3532 Hayea
327 3461 442 3530 quidem
459 3464 524 3516 Αἶά.
539 3466 548 3532 ΙΙ
563 3469 596 3515 13
616 3464 795 3517 antoniarum
813 3485 834 3518 ω
849 3467 858 3534 ΙΙ
873 3470 906 3518 18
925 3466 954 3518 et
973 3465 1023 3519 del.
1040 3465 1140 3522 Carrio
1155 3469 1165 3540 ll

46 3518 59 3623 p
126 3532 167 3578 19
186 3529 226 3581 M.
222 3531 246 3600 ]
260 3534 304 3586 sie
320 3554 344 3588 ω
368 3534 420 3590 del.
436 3535 526 3592 Hertz
539 3537 549 3608 ll
564 3540 599 3590 24
621 3533 718 3590 uerbis
737 3535 892 3606 quiRll‘lss
914 3535 1004 3589 omnia
1019 3555 1040 3588 ω
1059 3553 1164 3598 coras
