2460 3848
144 150 186 214 86
582 149 595 201 1
614 155 661 216 233
681 155 715 201 24

143 316 281 394 caterva,
300 312 503 375 lacrimantes
522 315 618 393 atque
633 310 836 376 obsecrantes
851 315 953 393 orant,
971 333 1034 373 una
1049 310 1157 393 potius

99 405 179 464 11ut
202 400 326 464 duobus
349 404 450 483 nupta
473 401 573 483 fieret,
596 421 692 481 quam
715 404 752 464 ut
774 400 831 462 uni
855 400 943 462 duae.
988 397 1157 463 Senatores

142 489 356 573 ingredientes
380 487 415 551 in
433 488 564 570 curiam,
587 510 668 571 quae
689 489 745 552 illa
763 488 934 551 mulierum
953 487 1157 570 intemperies

99 582 174 642 12et
198 577 276 658 quid
299 577 360 640 sibi
383 577 559 659 postulatio
581 577 680 641 istaec
698 577 804 658 vellet,
826 576 1032 639 mirabantur.
1074 575 1160 638 Puer

142 665 289 747 Papirius
327 666 361 727 in
397 666 537 728 medium
571 667 676 728 curiae
708 686 909 749 progressus,
947 665 1024 746 quid
1056 668 1158 727 mater
1186 689 1198 728 5

142 754 251 817 audire
274 753 457 837 institisset,
486 753 563 836 quid
586 754 654 836 ipse
678 754 773 817 matri
797 753 942 835 dixisset,
969 775 1051 835 rem,
1074 754 1160 817 sicut

100 843 257 925 latuerat,
281 840 435 905 denarrat.
481 840 616 906 Senatus
639 842 736 905 fidem
759 845 855 924 atque
878 842 1043 925 ingenium
1066 842 1159 925 pueri

143 931 358 1012 exosculatur,
391 931 574 995 consultum
603 931 695 1013 facit,
727 930 775 994 uti
802 929 938 1014 posthac
965 930 1057 1013 pueri
1085 950 1158 993 cum

142 1019 287 1102 patribus
325 1019 359 1081 in
395 1019 516 1083 curiam
548 1042 588 1083 ne
620 1020 794 1101 introeant,
831 1023 957 1102 praeter
988 1019 1042 1082 ille
1074 1040 1157 1082 unus

142 1107 303 1190 Papirius,
338 1112 434 1190 atque
466 1130 566 1190 puero
599 1112 711 1191 postea
744 1112 993 1193 cognomentum
1025 1105 1157 1171 honoris
1173 1133 1198 1171 ro

142 1197 245 1280 gratia
277 1196 415 1260 inditum
444 1196 688 1260 ‘Praetextatus'
719 1198 760 1260 ob
787 1197 914 1260 tacendi
941 1196 1158 1278 loquendique

141 1286 176 1348 in
199 1289 302 1349 aetate
325 1289 509 1368 praetextae
532 1285 742 1369 prudentiam.

594 1478 704 1543 XXIV

142 1600 209 1653 Tria
237 1600 442 1668 epigrammata
467 1600 553 1653 trium
574 1602 701 1653 veterum
723 1601 883 1667 poetarum,
911 1598 1024 1664 Naevii,
1051 1598 1156 1666 Plauti,

177 1670 305 1735 Pacuvii,
326 1669 494 1738 quaefacta
513 1670 549 1723 ab
567 1669 637 1739 ipsis
656 1669 791 1738 sepulcris
810 1686 906 1724 eorum
924 1669 1014 1723 incisa
1032 1671 1105 1722 sunt.
1173 1684 1199 1724 15

117 1813 131 1860 1
210 1795 321 1859 Trium
349 1799 515 1878 poetarum
545 1797 729 1860 inlustrium
753 1797 1066 1881 epigrammata,
1094 1794 1157 1859 Cn.

142 1882 293 1965 Naevii,
320 1883 463 1967 Plauti,
490 1883 533 1948 M.
557 1884 729 1968 Pacuvii,
756 1906 837 1967 quae
866 1885 928 1968 ipsi
955 1886 1100 1949 fecerunt
1126 1890 1159 1949 et

141 1973 310 2036 incidenda
338 1973 485 2056 sepulcro
513 1995 571 2039 suo
599 1973 811 2056 reliquerunt,
837 1974 1017 2037 nobilitatis
1046 1995 1158 2036 eorum

142 2061 246 2145 gratia
283 2066 314 2162 et
350 2063 527 2127 venustatis
565 2062 732 2127 scribenda
768 2063 802 2126 in
835 2061 886 2127 his
919 2063 1158 2127 commentariis

115 2151 417 2324 aessehlbiglramma
444 2238 581 2304 Naevii
611 2240 743 2322 plenum
771 2239 938 2322 superbiae
967 2237 1159 2321 Campanae,
1173 2178 1199 2215 2⁰

142 2328 229 2409 quod
255 2329 476 2391 testimonium
502 2350 570 2392 esse
592 2328 714 2392 iustum
737 2328 908 2411 potuisset,
935 2326 998 2391 nisi
1021 2328 1061 2391 ab
1085 2329 1158 2411 ipso

142 2416 262 2479 dictum
287 2420 370 2480 esset
392 2419 435 2498 (p.
450 2421 524 2499 296,
538 2421 559 2480 3
572 2416 640 2498 B.):

187 2539 412 2603 inmortales
436 2539 617 2603 mortales
642 2540 674 2603 si
696 2539 797 2604 foret
820 2540 877 2604 fas
900 2539 1010 2621 flere,

186 2626 329 2690 flerent
353 2627 461 2691 divae
485 2625 668 2691 Camenae
690 2626 876 2692 Naevium
900 2631 1059 2712 poetam.
1174 2655 1200 2694 25

186 2715 317 2796 itaque
336 2719 538 2798 postquam
558 2720 615 2780 est
632 2713 755 2779 Orcho
774 2717 942 2781 traditus
961 2716 1158 2800 thesaur0,

187 2803 303 2867 obliti
328 2807 415 2867 sunt
439 2803 578 2868 Romae
601 2805 754 2888 loquier
776 2805 910 2891 lingua
932 2804 1077 2869 Latina.

115 2942 131 2989 3
208 2925 417 3011 Epigramma
436 2927 580 3010 Plauti,
599 2929 685 3010 quod
703 2928 949 3011 dubitassemus,
967 2951 1009 2992 an
1026 2927 1158 2993 Plauti

141 3015 239 3096 foret,
265 3016 328 3078 nisi
351 3038 370 3078 a
392 3013 435 3078 M.
459 3015 630 3080 Varrone
653 3017 796 3099 positum
820 3021 903 3081 esset
925 3018 965 3080 in
987 3016 1089 3080 libro
1114 3019 1158 3081 de

142 3104 268 3186 poetis
292 3104 415 3186 primo
440 3105 690 3188 (p.296,4B.):
1172 3133 1200 3173 ao

219 3205 229 3217 Ἰ

213 3300 228 3346 3
252 3294 282 3346 in
301 3311 351 3349 om.
368 3296 459 3350 Maca.
474 3298 514 3364 {ll
537 3295 594 3348 ista
612 3295 664 3348 hec
681 3300 705 3347 V
723 3295 780 3349 ista
797 3302 822 3347 R
834 3299 873 3365 {lt
892 3295 1080 3365 introgressus
1098 3298 1136 3348 12²
1149 3300 1159 3366 ΙΙ
1218 3302 1220 3306 ’

142 3368 158 3416 8
177 3364 354 3418 exosculatus
369 3366 409 3434 ΒΗ
420 3371 453 3419 10
471 3366 581 3433 hocque
596 3371 619 3417 R
637 3366 719 3433 eique
734 3368 751 3437 β
767 3367 857 3421 Maur.
867 3367 877 3438 ll
887 3373 920 3420 11
939 3367 1078 3422 indictum
1091 3372 1159 3438 ΡΒΙΙ

141 3440 175 3489 25
186 3434 339 3490 Casmenas
347 3436 510 3508 LMucllcrll
517 3441 551 3490 26
561 3436 639 3491 orchi
649 3439 667 3508 β
676 3438 679 3508 l
689 3437 815 3492 thesauri
824 3439 842 3508 β
850 3437 998 3493 thesaurus
1006 3439 1159 3500 Baehrens.

52 3560 107 3608 ι
139 3506 200 3557 aad
213 3507 348 3562 thesemo
367 3515 401 3563 ut
417 3509 492 3563 dono
511 3508 589 3564 daro’
606 3508 650 3565 St.
