2460 3848
127 184 149 247 4
531 182 736 237 PRAEFATIO

127 348 172 411 ris
196 351 253 429 est,
277 347 355 429 quin
377 348 411 411 id
432 351 540 411 tamen
558 347 769 430 complusculi
788 345 910 410 sciant?
934 351 966 410 et
984 346 1062 409 satis
1081 345 1148 410 hoc

127 435 281 500 blandum
305 439 442 500 estnon
465 458 533 500 esse
555 436 635 501 haec
656 457 761 518 neque
783 436 817 498 in
839 434 957 499 scholis
977 436 1148 499 decantata

29 541 32 548 '
86 543 232 608 1oneque
255 526 290 589 in
313 527 550 590 commentariis
571 526 716 609 protrita.
758 523 845 600 Quae
863 545 960 608 porro
979 545 1063 588 nova
1083 525 1149 589 sibi

128 615 304 700 ignotaque
328 614 527 698 offenderint,
549 635 688 697 aequum
712 636 780 677 esse
802 617 891 696 puto,
914 617 951 677 ut
974 614 1042 677 sine
1061 636 1148 678 vano

129 703 310 769 obtrectatu
334 704 548 787 considerent,
576 727 618 767 an
640 704 783 767 minutae
805 704 886 767 istae
909 702 1148 768 admonitiones
1177 728 1189 768 s

129 796 161 857 et
188 791 384 875 pauxillulae
411 814 614 875 nequaquam
637 797 747 856 tamen
770 793 834 856 sint
856 793 908 855 vel
931 791 971 855 ad
994 789 1149 856 alendum

128 882 270 946 studium
298 903 409 946 vescae
432 883 483 946 vel
506 883 547 946 ad
570 882 795 946 oblectandum
818 881 1056 962 fovendumque
1079 881 1149 945 ani-

129 993 218 1035 mum
239 970 384 1055 trigidae,
408 972 463 1035 sed
481 972 549 1035 eius
568 971 698 1035 seminis
718 970 906 1054 generisque
925 969 998 1051 sint,
1021 991 1062 1033 ex
1080 989 1149 1052 quo

128 1060 222 1123 facile
252 1059 435 1124 adolescant
462 1065 519 1124 aut
546 1061 675 1145 ingenia
702 1059 870 1122 hominum
898 1059 1062 1143 vegetiora
1090 1063 1149 1123 aut

128 1149 282 1213 memoria
305 1149 563 1213 adminiculatior
586 1153 642 1213 aut
664 1149 766 1212 oratio
786 1148 947 1212 sollertior
964 1150 1021 1210 aut
1039 1169 1148 1212 sermo
1167 1175 1190 1214 ro

129 1238 346 1320 incorruptior
364 1243 420 1302 aut
440 1237 610 1302 delectatio
629 1239 665 1301 in
683 1238 749 1301 otio
768 1240 865 1319 atque
883 1236 1013 1300 inludo
1031 1236 1149 1318 libera-

87 1344 118 1392 17
129 1326 199 1391 lior.
246 1326 334 1403 Quae
357 1332 465 1391 autem
488 1350 601 1411 parum
625 1326 722 1410 plana
744 1326 938 1390 videbuntur
960 1330 1016 1388 aut
1039 1326 1149 1390 minus

129 1416 224 1500 plena
242 1417 471 1498 instructaque,
489 1418 638 1500 petimus,
656 1416 797 1497 inquam,
816 1419 853 1478 ut
871 1437 908 1478 ea
926 1436 992 1478 non
1011 1415 1150 1479 docendi

129 1506 232 1590 magis
265 1527 362 1587 quam
394 1506 587 1569 admonendi
620 1505 723 1590 gratia
754 1505 873 1586 scripta
903 1504 1088 1568 existiment
1117 1508 1150 1569 et

130 1595 222 1676 quasi
241 1595 511 1658 demonstratione
530 1595 740 1678 vestigiorum
757 1592 900 1657 contenti
913 1596 1151 1676 persequantur
1166 1617 1188 1658 u

130 1705 167 1747 ea
198 1686 286 1765 post,
319 1683 346 1745 si
377 1682 505 1765 libebit,
537 1683 589 1747 vel
615 1682 706 1746 libris
733 1682 868 1765 repertis
895 1683 947 1746 vel
974 1682 1149 1766 magistris.

87 1788 119 1837 18
131 1770 219 1847 Quae
241 1792 318 1835 vero
340 1773 524 1853 putaverint
546 1771 815 1855 reprehendenda,
840 1771 900 1853 his,
924 1771 951 1834 si
974 1769 1150 1855 audebunt,

131 1864 350 1942 succenseant,
377 1860 462 1923 unde
490 1883 526 1924 ea
553 1882 613 1925 nos
641 1861 835 1943 accepimus,
863 1860 918 1924 sed
941 1860 1040 1942 enim,
1065 1882 1150 1942 quae

130 1949 224 2013 aliter
250 1949 336 2031 apud
363 1949 462 2012 alium
491 1950 610 2032 scripta
637 1950 788 2034 legerint,
815 1971 856 2012 ne
880 1949 944 2012 iam
968 1950 1079 2012 statim
1102 1954 1150 2014 te-

130 2059 216 2102 mere
240 2036 435 2122 obstrepant,
459 2039 514 2103 sed
537 2043 569 2103 et
591 2039 732 2102 rationes
754 2060 861 2101 rerum
885 2041 917 2101 et
939 2038 1150 2104 auctoritates
1165 2067 1189 2106 10

130 2127 300 2191 hominum
318 2128 488 2211 pensitant,
508 2149 589 2210 quos
607 2128 657 2191 illi
676 2149 820 2209 quosque
838 2149 898 2190 nos
913 2127 1013 2190 secuti
1028 2149 1150 2192 sumus.

88 2234 120 2280 19
197 2216 270 2280 Erit
292 2221 400 2280 autem
422 2218 455 2281 id
472 2218 569 2303 longe
589 2217 757 2300 optimum,
780 2220 817 2280 ut
836 2215 944 2298 quiin
963 2216 1151 2300 lectitando,

131 2307 357 2390 percontando,
380 2305 557 2389 scribendo,
576 2305 821 2370 commentando
840 2325 1017 2386 numquam
1035 2306 1151 2390 volup-

130 2398 226 2477 tates,
257 2417 434 2477 numquam
465 2395 591 2459 labores
624 2397 792 2477 ceperunt,
823 2394 928 2457 nullas
955 2393 1019 2457 hoc
1046 2416 1151 2479 genus

130 2484 259 2567 vigilias
294 2484 470 2568 vigilarunt
505 2504 610 2566 neque
641 2483 717 2546 ullis
749 2483 833 2546 inter
864 2483 1005 2547 eiusdem
1037 2482 1151 2549 Musae
1166 2511 1190 2552 11

131 2573 275 2635 aemulos
298 2572 528 2636 certationibus
552 2571 902 2655 disceptationibusque
923 2572 1045 2635 elimati
1065 2578 1151 2657 sunt,

132 2661 188 2723 sed
214 2661 476 2744 intemperiarum
504 2662 772 2746 negotiorumque
800 2661 888 2743 pleni
916 2664 1004 2743 sunt,
1031 2661 1153 2727 abeant

132 2771 151 2812 a
180 2749 360 2813 noctibus
387 2750 440 2813 his
467 2751 581 2832 procul
607 2753 704 2832 atque
731 2750 794 2813 alia
823 2749 885 2813 sibi
913 2750 1152 2815 oblectamenta

134 2843 296 2920 quaerant.
342 2837 445 2902 Vetus
468 2839 618 2923 adagium
642 2844 691 2902 est
713 2838 757 2920 (p.
771 2841 812 2902 56
826 2838 894 2921 B.):

149 3069 162 3119 t
180 2999 290 3118 31160110.
305 2994 390 3048 Μο01.
405 2995 418 3047 Ι
431 2994 518 3064 praef.
536 3002 567 3049 11
642 3001 675 3049 29
687 3013 746 3064 sqq.
762 2994 810 3070 cfr.
825 2995 901 3066 Otto,
916 2993 1047 3064 Sprichw.
1058 3013 1085 3065 p.
1099 3001 1152 3051 155

133 3083 148 3118 0

206 3215 220 3262 1
242 3225 327 3276 quarn
349 3207 472 3277 plusculi
494 3215 517 3261 Β
531 3212 569 3279 112
593 3208 710 3263 landum
727 3215 750 3261 Β
773 3209 846 3263 code
867 3207 982 3263 laudum
1000 3208 1045 3263 St.
1060 3211 1101 3279 116
1123 3213 1153 3265 et

136 3279 185 3333 Gr.
204 3295 220 3333 e
239 3301 260 3333 ω
275 3282 284 3349 11
299 3285 313 3332 7
333 3279 530 3334 obleeiandum
548 3286 568 3332 Β
587 3280 776 3335 obleuandum
791 3286 814 3332 Β
828 3282 837 3349 11
853 3285 885 3334 10
905 3280 1007 3352 oratio]
1022 3286 1042 3332 Β
1057 3282 1153 3336 Mccr.

133 3350 206 3404 ratio
221 3356 244 3402 Β
257 3353 266 3421 11
282 3356 313 3404 11
329 3351 496 3406 delectatior
514 3374 535 3406 ω
554 3369 622 3407 0011.
640 3353 687 3406 Gr.
702 3354 712 3422 11
728 3357 759 3405 18
778 3350 845 3424 <si>
859 3367 933 3420 quae
947 3351 992 3407 St.
1006 3353 1015 3420 11
1031 3356 1064 3404 19
1080 3352 1154 3408 01100

133 3422 170 3473 Βι
186 3425 190 3492 1
206 3424 330 3492 tempere
353 3425 443 3493 (pore
461 3427 494 3493 Β)
518 3445 539 3477 ω
562 3440 630 3478 corr.
652 3424 819 3492 0011101123
842 3423 1032 3491 percontando
1057 3439 1109 3479 om.
1130 3447 1153 3480 ω

126 3493 191 3546 add
215 3493 263 3547 Gr,
288 3512 305 3549 e
325 3496 442 3563 111126,
470 3495 520 3550 abi
541 3495 657 3550 labeant
678 3494 869 3565 percontando
893 3493 1040 3548 scribendo
1065 3511 1083 3548 a
1108 3518 1129 3550 ω
1144 3497 1155 3569 11

109 3565 150 3610 26
163 3566 239 3617 sunt
253 3565 308 3621 del.
328 3567 378 3623 Gr.
392 3570 407 3638 11
419 3573 458 3623 27
475 3569 520 3625 od.
538 3574 571 3624 23
