2460 3848
127 169 170 232 60
452 229 456 237 ,
583 169 644 237 Ia
665 175 697 224 10

112 332 245 396 adaeos’
265 334 369 398 dicere
389 337 525 416 oportet,
544 333 811 398 ‘mathematicos'
831 334 915 397 dicit.
955 332 1079 396 Exinde
1097 332 1150 395 his

138 422 289 485 scientiae
322 423 436 486 studiis
467 423 571 486 ornati
598 423 638 485 ad
665 423 886 506 perspicienda
913 421 1025 485 mundi
1053 443 1150 504 opera

137 514 171 573 et
197 511 356 594 principia
382 516 514 575 naturae
537 511 752 595 procedebant
775 533 812 575 ac
834 516 912 575 tunc
935 510 1071 593 denique
1094 532 1149 574 no*-

138 599 343 663 minabantur
366 604 511 683 φυσικοί.

111 702 127 750 8
204 687 293 752 Haeo
330 690 440 752 eadem
477 712 572 773 super
608 688 828 774 Pythagora
864 693 973 753 noster
1005 688 1191 752 Tauruss

139 798 211 840 cum
240 778 385 842 dixisset:
418 778 515 842 ‘nunc
544 777 663 842 autem'
691 779 797 860 inquit
825 778 904 861 ‘isti,
936 778 992 860 qui
1018 782 1150 860 repente

138 865 272 948 pedibus
295 867 405 930 inlotis
429 867 467 931 ad
492 867 703 950 philosophos
726 867 904 950 devertunt,
928 889 994 930 non
1017 870 1066 929 est
1088 867 1151 930 hoc

139 955 230 1037 satis,
252 955 338 1037 quod
362 961 437 1020 sunt
460 958 591 1020 omnino
615 956 812 1040 ἀθεώρητοι,
835 957 987 1039 ἄμουσοι,
1010 954 1150 1038 ἀγεωμέ-

137 1066 261 1127 apator,
280 1044 336 1108 sed
353 1047 458 1129 legem
478 1047 574 1109 etiam
593 1045 679 1127 dant,
698 1066 761 1128 qua
780 1045 1001 1127 philosophari
1018 1044 1150 1108 discant.

112 1130 231 1196 aAlius
254 1134 300 1197 ait
323 1134 397 1198 ‘hoc
420 1156 471 1198 me
492 1136 633 1217 primum
652 1134 757 1216 doce’,
774 1135 852 1197 item
871 1134 952 1197 alius
972 1133 1045 1196 ‘hoc
1063 1132 1150 1197 volo'
1165 1156 1191 1195 ro

137 1223 243 1304 inquit
271 1222 417 1305 discere,
443 1224 530 1287 istud
557 1223 659 1307 nolo'3
685 1222 739 1287 hic
762 1245 781 1286 a
804 1223 998 1306 symposio
1021 1221 1150 1285 Plato-

137 1312 196 1374 nis
220 1311 258 1394 (c.
276 1313 333 1395 30)
361 1313 501 1395 incipere
529 1314 627 1397 gestit
654 1316 787 1395 propter
808 1310 995 1375 Alcibiadae
1019 1311 1151 1375 comisa-

137 1400 269 1482 tionem,
286 1402 341 1464 ille
360 1423 379 1464 a
393 1400 566 1465 Phaedro
583 1402 620 1483 (c.
631 1402 667 1484 6)
685 1406 817 1484 propter
830 1399 945 1484 Lysiae
965 1401 1160 1464 orationem:

95 1503 128 1551 10
138 1488 199 1553 Est
217 1489 334 1572 etiam,’
358 1491 464 1572 inquit
483 1490 554 1573 ‘pro
572 1489 729 1573 Iuppiter!
753 1491 809 1572 qui
827 1488 1026 1554 Platonem
1044 1490 1151 1573 legere

138 1579 280 1661 postulet
304 1600 371 1641 non
393 1580 478 1642 vitae
503 1578 675 1661 ornandae,
703 1579 758 1642 sed
780 1579 909 1662 linguae
934 1579 1151 1661 orationisque
1166 1601 1191 1640 rs

139 1665 311 1729 comendae
330 1668 443 1750 gratia,
460 1689 520 1731 nec
538 1672 574 1732 ut
593 1668 768 1731 modestior
785 1668 851 1750 fiat,
870 1669 926 1730 sed
944 1671 980 1731 ut
993 1666 1151 1749 lepidior.’

95 1752 227 1818 11Haec
254 1754 399 1819 Taurus
433 1756 537 1819 dicere
569 1757 683 1820 solitus
712 1757 856 1820 novicios
883 1757 1152 1839 philosophorum

139 1847 311 1907 sectatores
335 1865 408 1907 cum
431 1845 592 1909 veteribus
615 1843 888 1929 Pythagoricis
912 1847 1083 1929 pensitans.

95 1946 128 1994 12
207 1929 269 1995 Sed
287 1933 320 1996 id
339 1954 467 2015 quoque
485 1955 552 1997 non
570 1935 836 2017 praetereundum
854 1937 912 2016 est,
930 1935 1014 2017 quod
1032 1957 1153 2017 omncs,

139 2020 235 2083 simul
257 2026 353 2104 atque
376 2044 395 2085 a
413 2020 634 2108 Pythagora
656 2024 691 2086 in
713 2023 878 2087 cohortem
902 2024 991 2086 illam
1010 2023 1151 2106 discipli·
1166 2048 1193 2086 ao

137 2131 252 2173 narum
274 2113 395 2194 recepti
418 2116 522 2195 erant,
549 2112 635 2195 quod
658 2114 793 2195 quisque
816 2111 971 2194 familiae,
996 2113 1151 2194 pecuniae

137 2199 287 2283 habebat,
304 2201 339 2264 in
353 2201 493 2265 medium
509 2202 614 2284 dabat,
632 2206 665 2266 et
681 2202 827 2281 coibatur
841 2202 976 2265 societas
989 2202 1151 2284 insepara-

138 2288 227 2372 bilis,
258 2294 423 2373 tamquam
455 2291 536 2355 illud
562 2291 626 2354 fuit
652 2292 794 2355 anticum
822 2291 1032 2372 consortium,
1065 2291 1152 2372 quod

138 2379 207 2441 iure
225 2383 322 2460 atquc
340 2379 438 2443 verbo
455 2379 602 2443 Romano
621 2379 844 2463 appellabatur
862 2378 961 2442 ‘ercto
980 2401 1046 2442 non
1065 2378 1151 2443 cito'.

630 2539 661 2602 X
1166 2563 1192 2602 aa

140 2649 246 2714 Quibus
260 2651 351 2704 verbis
366 2650 576 2720 compellaverit
584 2650 736 2704 Favorinus
750 2650 933 2720 philosophus
943 2650 1153 2704 adulescentem

383 2736 463 2776 casce
480 2722 564 2775 nimis
584 2724 613 2776 et
631 2721 721 2791 prisce
740 2721 908 2790 loquentem.

105 2854 120 2900 1
205 2839 418 2905 Favorinus
450 2840 671 2924 philosophus
690 2842 886 2905 adulescenti
912 2843 1056 2904 veterum
1084 2862 1153 2904 ver-

139 2929 255 2993 borum
287 2930 494 3013 cupidissimo
526 2935 559 2994 et
590 2931 757 3013 plerasque
785 2951 880 2994 voces
907 2930 1002 2993 nimis
1030 2930 1152 3012 priscas

212 3109 226 3156 7
247 3103 294 3158 cfr.
311 3103 386 3172 Otto,
405 3103 537 3173 Sprichw.
554 3123 581 3174 p.
597 3110 649 3157 274
756 3109 790 3157 24
809 3103 902 3169 Quint.
918 3103 970 3156 VH
984 3109 1009 3171 3,
1025 3109 1057 3156 13
1076 3103 1151 3156 Fest.

139 3194 166 3244 p.
182 3180 225 3242 aa,
241 3179 274 3228 ro
294 3175 369 3229 Serv.
384 3175 416 3229 A.
431 3175 497 3229 Vm
511 3181 562 3229 ora
582 3174 649 3230 ocu
664 3175 702 3229 VI
716 3180 767 3229 sac

191 3378 193 3383 ,
213 3341 228 3390 7
247 3335 502 3408 diuertuntv¹l120
521 3339 606 3404 atque
621 3336 650 3406 a]
663 3336 734 3391 JGr.
754 3337 785 3388 at
802 3333 870 3403 quia
883 3340 903 3385 P
922 3334 970 3402 qui
987 3350 1039 3388 aa
1052 3333 1055 3405 Ι
1068 3333 1152 3387 disci-

139 3407 270 3477 pulorum
283 3407 438 3476 Stephanos
451 3411 460 3474 η
474 3413 507 3460 21
527 3405 747 3460 FAMILIAEPE
764 3409 767 3476 Ι
784 3404 967 3460 PECVNIAE
980 3410 1003 3458 Δ
1021 3403 1087 3459 fam.
1102 3421 1152 3474 pe·

133 3479 293 3544 curiaeque
314 3501 338 3532 co
348 3481 362 3548 l)
375 3483 410 3531 23
433 3481 504 3545 tam,
528 3494 614 3546 quam
633 3479 715 3532 Mms.
731 3481 789 3546 1124
812 3479 910 3547 (a)erto
931 3493 988 3530 non
1011 3493 1034 3529 c.
1054 3480 1101 3528 Π
1122 3491 1154 3529 er

116 3547 250 3600 moeno
268 3555 295 3601 B
312 3567 365 3606 om.
380 3555 405 3604 Δ
425 3569 495 3608 corr.
512 3552 632 3609 Salaros.
648 3546 822 3623 κοινόβιοςς
