2460 3848
135 143 177 207 88
609 140 623 192 1
642 146 675 195 aa

109 305 244 369 adutiae
270 308 352 368 sunt.
400 301 483 378 Quid
506 303 592 367 enim
616 303 771 385 dicemus,
798 303 826 366 si
848 303 980 368 indutiis
1004 327 1151 368 mensum

137 394 261 474 aliquot
283 392 377 456 factis
396 392 430 455 in
450 393 568 474 oppida
588 392 700 455 castris
720 392 934 456 concedatur?
956 415 1062 456 nonne
1081 398 1151 457 tum

110 499 265 564 cquoque
283 481 426 544 indutiae
445 480 542 544 sunt?
565 484 621 544 aut
638 501 748 543 rursus
768 481 845 563 quid
863 503 932 545 esse
951 482 984 544 id
1002 482 1153 564 dicemus,

137 571 224 653 quod
250 571 284 632 in
312 570 434 651 primo
464 569 658 632 annalium
687 567 933 653 Quadrigarii
960 572 1014 652 (fr.
1036 575 1079 634 21
1098 570 1153 654 P.)

137 659 292 741 scriptum
311 662 368 740 est,
389 657 421 720 Ο.
436 656 589 721 Pontium
605 655 781 720 Samnitem
801 680 819 720 a
836 658 1152 722 dictatore‘Romano
1182 684 1193 723 5

137 768 192 811 sex
210 746 363 810 horarum
382 747 521 810 indutias
540 746 729 828 postulasse,
749 747 776 808 si
794 747 935 810 indutiae
953 747 1152 830 ‘paucorum’

111 839 264 900 stantum
284 834 429 897 ‘dierum'
450 834 659 918 appellandae
673 834 770 897 sunt?
795 835 895 898 ‘belli'
911 841 1017 899 autem
1034 837 1152 899 ‘ferias'

136 924 250 988 festive
273 925 376 1008 magis
401 923 481 987 dixit
504 944 600 1005 quam
624 926 733 1005 aperte
756 926 852 1005 atque
876 924 1013 988 definite.

109 1028 127 1075 8
205 1010 316 1076 Graeci
346 1015 453 1075 autem
481 1011 715 1096 significantius
743 1013 1026 1097 consignatiusque
1053 1034 1154 1076 cessa-

133 1095 259 1164 tionem
296 1101 392 1164 istam
428 1121 556 1184 pugnae
590 1101 760 1183 pacticiam
793 1098 973 1186 ἐκεχειρίαν
1005 1103 1155 1165 dixerunt
1169 1126 1195 1165 ιο

138 1193 287 1272 exempta
312 1190 507 1253 litteranna
530 1190 654 1252 sonitus
677 1189 826 1252 vastioris
850 1193 882 1252 et
905 1189 1033 1254 subdita
1055 1191 1154 1253 lenio-

111 1280 190 1342 9ris.
235 1276 320 1341 Nam
350 1279 436 1361 quod
460 1298 498 1340 eo
526 1281 672 1360 tempore
698 1299 765 1341 non
791 1281 953 1362 pugnetur
981 1282 1013 1341 et
1040 1301 1153 1342 manus

94 1383 128 1431 10
139 1367 358 1448 cohibeantur,
382 1365 563 1450 ἐκεχειρίαν
586 1365 796 1449 appellarunt.
839 1364 902 1430 Sed
924 1367 1069 1450 profecto
1088 1388 1155 1430 non

138 1457 171 1519 id
202 1456 266 1518 fuit
292 1454 459 1518 Varroni
490 1455 671 1539 negotium,
702 1458 739 1517 ut
766 1455 906 1518 indutias
934 1457 1155 1538 superstitiose

139 1544 285 1607 definiret
306 1548 338 1607 et
355 1544 482 1627 legibus
499 1543 743 1625 rationibusque
763 1545 911 1607 omnibus
931 1545 1155 1608 definitionum
1170 1568 1196 1608 15

94 1649 126 1696 11
138 1632 314 1695 inserviret.
361 1629 445 1694 Satis
473 1632 559 1694 enim
586 1632 692 1693 visum
719 1634 768 1694 est
795 1632 953 1696 eiusmodi
977 1633 1081 1696 facere
1104 1634 1155 1696 de-

139 1720 419 1800 monstrationem,
451 1719 537 1799 quod
569 1740 670 1802 genus
701 1715 812 1782 Graeci
840 1721 965 1796 τύπους
992 1723 1095 1806 magis
1123 1726 1156 1785 et

96 1911 128 1959 12
138 1805 785 1959 υπο11111111111111111181111111ρι116μ1119111111118113.
792 1918 855 1979 qua
880 1898 923 1960 sit
944 1899 1069 1961 ratione
1091 1897 1155 1961 fac-

96 1988 219 2067 13tum,
238 1984 302 2047 iam
322 1984 376 2047 diu
395 1988 452 2066 est,
471 2004 544 2046 cum
563 1986 753 2066 quaerimus.
796 1983 858 2048 Sed
876 2007 916 2048 ex
934 1987 1055 2068 multis,
1074 2009 1156 2069 quae
1172 2011 1199 2050 ao

139 2073 191 2136 vel
214 2073 360 2136 audimus
383 2073 435 2136 vel
457 2073 609 2158 legimus,
636 2073 836 2156 probabilius
859 2075 906 2157 id,
934 2076 1020 2157 quod
1043 2076 1156 2158 dicam,

97 2178 131 2225 14
139 2162 274 2226 videtur.
314 2159 480 2225 ‘lndutias’
501 2162 547 2225 sic
565 2162 665 2225 dictas
685 2161 885 2245 arbitramur,
904 2165 995 2245 quasi
1013 2168 1050 2227 tu
1069 2165 1156 2227 dicas

97 2265 130 2314 15
141 2250 227 2314 ‘inde
254 2251 303 2314 uti
330 2251 415 2314 iam’.
461 2250 596 2314 Pactum
624 2250 820 2314 indutiarum
849 2253 1005 2315 eiusmodi
1030 2257 1091 2334 est,
1119 2258 1157 2317 ut

38 2350 40 2355 '
140 2340 175 2403 in
198 2340 282 2403 diem
305 2343 427 2403 certum
450 2361 517 2402 non
539 2343 702 2424 pugnetur
723 2339 869 2422 nihilque
892 2341 1157 2424 incommodatur,

141 2428 196 2491 sed
219 2449 259 2491 ex
281 2449 319 2491 eo
343 2427 393 2490 die
416 2432 528 2511 postea
551 2429 600 2490 uti
617 2429 682 2491 iam
702 2429 810 2491 omnia
828 2428 905 2492 belli
924 2430 991 2492 iure
1010 2433 1156 2514 agantur.
1172 2454 1199 2494 as

96 2530 131 2580 16
142 2514 235 2591 Quod
261 2517 362 2600 igitur
388 2516 454 2579 dies
482 2520 586 2579 certus
614 2517 802 2598 praefinitur
824 2522 1018 2600 pactumque
1041 2518 1092 2600 fit,
1119 2522 1158 2581 ut

141 2608 215 2666 ante
247 2625 320 2667 eum
348 2604 432 2666 diem
460 2625 500 2667 ne
527 2607 689 2689 pugnetur
716 2609 812 2688 atque
838 2607 866 2669 is
895 2607 961 2670 dies
987 2607 1043 2670 ubi
1067 2609 1157 2670 venit

142 2692 228 2755 ‘inde
255 2693 304 2754 uti
331 2692 406 2755 iam'
435 2696 610 2775 pugnetur,
637 2693 755 2756 idcirco
783 2715 823 2757 ex
847 2695 912 2777 his,
940 2695 1057 2776 quibus
1081 2696 1158 2777 dixi,

141 2780 284 2862 vocibus,
307 2780 399 2862 quasi
421 2801 478 2862 per
501 2780 660 2862 quendam
679 2783 800 2846 coitum
819 2787 851 2846 et
870 2784 1019 2866 copulam
1037 2805 1158 2847 nomen

141 2869 338 2932 indutiarum
362 2889 519 2932 conexum
542 2873 598 2933 est.
1172 2898 1200 2938 1ο

215 3046 248 3094 10
259 3058 298 3108 sq.
319 3040 403 3095 schol.
418 3041 503 3095 Arist.
518 3042 582 3096 Pac.
598 3047 649 3096 901
669 3042 745 3096 Suid.
766 3061 786 3098 s.
801 3062 825 3097 v.
842 3042 978 3116 ἐκεχειρία

215 3222 229 3269 1
244 3220 413 3290 mensum]P
426 3218 457 3272 in
470 3236 597 3274 mensum
605 3225 656 3272 RV
669 3219 699 3273 in
713 3219 871 3275 inmensum
880 3227 927 3273 ΤΥ
936 3222 971 3293 112
987 3221 1103 3290 aliquod
1118 3243 1139 3276 ω
1152 3224 1156 3295 l

141 3288 234 3356 pactis
244 3288 291 3343 Gr.
303 3288 306 3360 1
316 3290 435 3360 op(p)idi
445 3311 466 3344 ω
476 3307 544 3346 corr.
552 3291 730 3358 Lambecius;
739 3293 810 3346 idem
819 3309 868 3347 scr.
880 3309 914 3347 ex
924 3293 1040 3364 castrisll
1049 3301 1080 3346 11
1092 3294 1158 3348 sub-

22 3400 25 3406 ,
142 3357 205 3413 dita
225 3360 273 3415 Gr.
298 3360 349 3414 sub
367 3361 429 3415 uita
448 3361 536 3431 (uitae
554 3365 587 3432 R)
606 3382 627 3415 ω
647 3362 796 3416 subiuncta
812 3381 828 3422 5
842 3365 851 3433 11
867 3369 899 3417 19
919 3363 1000 3432 quasi
1018 3364 1159 3419 rationem

142 3432 220 3500 (rac.)
236 3451 257 3484 ω
275 3447 343 3486 corr.
359 3449 375 3491 ς
389 3433 398 3501 ll
413 3437 447 3486 20
466 3434 541 3504 cum]
560 3432 737 3503 (1111ος1121
757 3434 918 3488 audiuimus
933 3437 1020 3504 ς1113
1039 3435 1106 3489 inde
1124 3439 1159 3490 ut

52 3501 261 3608 *amram
272 3503 664 3577 (utrfflssssssmaeorrsqas
673 3503 763 3575 igitur
774 3504 821 3560 cr.
831 3505 1024 3578 nortmanno
1034 3509 1158 3577 cauma
