2460 3848
339 198 518 254 CAPITVLA
537 199 605 255 LIB.
624 199 721 254 XVHI.
741 199 804 253 XIX
1036 201 1078 266 37

61 362 101 426 de
128 361 283 444 loquendi
310 363 520 447 proprietate,
553 384 663 446 quem,
696 385 769 428 oum
798 364 918 447 ederet,
949 385 1083 429 cornum

61 473 131 516 esse
160 448 279 534 Copiae
307 450 446 534 dicebat,
478 474 546 515 rem
575 453 704 535 scripsit
731 474 835 535 neque
863 454 951 517 dictu
979 475 1083 537 neque

60 539 174 606 auditu
208 540 352 625 dignam,
385 561 458 603 cum
487 538 614 604 differre
642 542 847 605 ‘matronam'
876 546 908 606 et
935 542 1083 606 ‘matrem

60 628 214 692 familias'
238 630 435 692 existimavIt
459 629 638 692 differentia
660 631 758 715 longe
780 632 962 694 vanissima,

57 779 61 785 .
128 714 192 780 Vll
222 715 325 793 Quem
348 718 383 781 in
405 718 539 781 modum
560 715 739 782 Favorinus
763 720 947 783 tractaverit
969 721 1084 783 intem·

60 806 224 890 pestivum
253 806 413 888 quendam
440 807 479 870 de
501 805 675 870 verborum
698 807 966 892 ambiguitatibus
990 830 1084 891 quae-

60 898 199 976 rentem3
227 899 324 979 atque
347 893 407 977 ibi,
433 899 513 978 quot
536 895 788 980 significationes
812 897 918 980 capiat
942 896 1084 960 ‘contio'.

129 981 209 1046 VIII
218 981 465 1068 Ὁμοιοτέλευτα
480 987 512 1046 et
526 983 733 1067 ὁμοιόπτωτα
747 988 844 1067 atque
858 985 921 1048 alia
931 986 964 1049 id
974 1008 1086 1070 genus,

59 1093 144 1154 quae
169 1076 357 1136 ornamenta
382 1073 535 1136 orationis
555 1076 719 1155 putantur,
741 1074 851 1156 inepta
871 1096 939 1137 esse
959 1078 991 1138 et
1009 1097 1085 1157 pue-

61 1161 136 1224 rilia
159 1160 264 1225 Lucili
289 1182 417 1243 quoque
441 1160 585 1224 versibus
611 1161 772 1224 declarari.

128 1247 175 1312 IX
208 1248 292 1326 Quid
321 1250 481 1334 significet
508 1250 595 1332 apud
622 1247 664 1312 M.
685 1247 840 1314 Catonem
864 1244 998 1314 verbum
1027 1250 1086 1314 ‘in-

61 1338 223 1422 secenda'3
238 1338 388 1421 quodque
404 1337 597 1402 ‘insecenda'
612 1339 720 1421 potius
735 1338 907 1422 legendum
923 1339 965 1401 sit
980 1359 1086 1420 qaam,

58 1428 150 1511 quod
168 1428 318 1512 *plerique
342 1427 542 1510 existimant,
565 1426 794 1510 ‘insequenda'.

128 1514 160 1579 X
180 1514 307 1580 ,Errare
335 1517 428 1599 istos,
457 1517 513 1598 qui
540 1516 575 1579 in
603 1516 800 1599 exploranda
825 1514 908 1580 febri
931 1536 1085 1579 venarum

61 1606 176 1690 pulsus
199 1606 409 1690 pertemptari
433 1608 563 1688 putant,
586 1626 653 1669 non
676 1605 869 1669 arteriarum-

128 1691 177 1757 XI
211 1691 320 1758 Verba
352 1716 392 1757 ex
425 1693 621 1758 carminibus
649 1691 727 1758 Furi
754 1692 897 1758 Antiatis
925 1693 1039 1758 inscite
1067 1714 1087 1758 a

62 1780 219 1847 Caesellio
239 1781 376 1846 Vindice
397 1782 603 1867 reprehensa3
626 1805 801 1866 versusque
820 1784 892 1867 ipsi,
915 1781 1086 1865 inquibus

62 1893 100 1937 ea
123 1871 222 1936 verba
245 1876 334 1954 sunt,
357 1871 539 1955 subscripti.

66 2000 69 2004 ⁴
112 1957 191 2023 *XII
228 1958 352 2024 Morem
384 1961 483 2024 istum
516 1958 678 2025 veteribus
710 1961 830 2025 nostris
861 1959 961 2023 luisse
989 1958 1086 2023 verba

61 2049 208 2132 patiendi
231 2053 356 2113 mutare
380 2070 417 2112 ac
440 2052 563 2112 vertere
587 2049 622 2111 in
644 2049 760 2133 agendi
783 2048 925 2111 modum.

130 2134 209 2201 Xlll
242 2135 336 2213 Quali
364 2137 485 2200 talione
508 2135 672 2222 Diogenes
700 2135 915 2219 philosophus
943 2157 1020 2198 usus
1044 2135 1087 2199 sit

60 2230 297 2311 pertemptatus
330 2248 348 2288 a
381 2226 548 2289 dialectico
582 2225 722 2306 quodam
754 2223 966 2307 sophismatio
994 2223 1088 2304 inpu-

63 2315 161 2380 denti.

62 2429 71 2466 .·'
128 2401 207 2467 XIV
236 2401 320 2478 Quid
344 2403 387 2466 stt
404 2424 557 2466 numerus
577 2399 781 2482 ‘hemiolios',
805 2401 883 2483 quid
902 2398 1087 2484 ‘epitritos'3

61 2495 95 2556 et
116 2492 206 2574 quod
228 2491 387 2555 vocabula
410 2491 472 2554 ista
494 2512 562 2554 non
584 2490 678 2554 facile
702 2491 804 2553 nostri
828 2491 899 2553 ausi
918 2492 994 2554 sunt
1012 2509 1086 2552 con·

64 2584 189 2645 vertere
213 2581 247 2643 in
270 2581 416 2665 linguam
440 2578 598 2643 Latinam.
1077 2595 1081 2602 ·

64 2694 69 2733 z
129 2667 191 2734 XV
216 2667 309 2744 Quod
328 2666 370 2732 M.
389 2665 493 2732 Varro
518 2670 553 2731 in
574 2667 682 2732 herois
703 2667 849 2732 versibus
869 2666 1088 2731 observaverit

61 2779 130 2822 rem
154 2758 252 2821 nimis
275 2759 390 2821 anxiae
413 2761 445 2820 et
469 2759 613 2821 curiosae
637 2756 880 2820 observationis.

64 2960 71 3054 ³.
108 2988 116 2993 ‘'
195 2971 458 3059 <carlum
485 2971 617 3080 LIBRI
643 2970 766 3044 NONI
793 2968 962 3043 Dnclnl

65 3132 72 3154 .·
130 3109 146 3173 l
169 3109 351 3194 Responsio
376 3112 541 3175 cuiusdam
560 3108 749 3194 philosophi
767 3109 966 3194 interrogati,
990 3130 1087 3191 quam

64 3198 107 3262 ob
132 3219 261 3264 causam
284 3200 383 3264 maris
406 3202 599 3284 tempestate
622 3199 781 3282 palluerit.

131 3285 163 3351 II
198 3286 250 3351 Ex
282 3289 425 3370 quinque
458 3289 601 3372 eorporis
633 3287 779 3351 sensibus
808 3286 888 3350 duos
917 3307 986 3351 esse
1013 3305 1087 3348 cum

63 3375 169 3440 beluIs
191 3376 332 3440 maxime
355 3397 557 3460 communes3
583 3376 734 3460 quodque
757 3376 861 3459 turpis
885 3378 917 3438 et
938 3372 1088 3457 improba

62 3467 114 3528 sest
137 3465 303 3549 voluptas·
321 3485 403 3546 quae
422 3487 460 3528 ex
479 3466 602 3550 auditu,
624 3465 698 3529 visu
716 3464 928 3543 odoratuaue
939 3458 1117 3540 precedunt

65 3572 148 3634 quae
171 3574 247 3617 vero
270 3575 310 3617 ex
330 3557 431 3640 gustu
455 3545 616 3642 tactirque
640 3559 710 3642 est,
733 3573 857 3619 rerum
879 3545 1046 3611 ommam
1059 3536 1139 3593 iffi·
