2460 3848
139 176 182 239 96
568 174 725 241 1143536

138 338 219 401 duae
241 359 291 401 res
316 338 407 420 quasi
430 341 585 422 cognatae
605 337 856 419 coniunctaeque
875 338 940 401 sint
957 359 1061 420 neque
1079 342 1152 401 utra

137 427 206 490 sine
227 427 328 490 altera
346 431 492 490 constare
510 427 622 509 possit,
645 427 679 488 in
697 425 886 489 hortamen
905 448 1020 510 genere
1039 447 1152 490 causae

137 537 210 579 reus
239 515 367 597 quidem
395 517 459 578 iam
488 519 549 596 est,
581 515 637 578 sed
664 518 830 578 accusator
857 515 1000 578 nondum
1028 519 1089 596 est,
1120 520 1152 578 et

137 604 270 686 idcireO,
298 603 385 686 quod
412 604 516 668 adhuc
543 625 645 686 usque
670 604 758 666 deest
781 607 813 666 et
835 604 927 685 latet,
956 603 1152 667 divinatione

136 693 351 774 supplendum
375 696 436 774 est,
460 693 606 775 quisnam
631 692 673 755 sit
696 695 861 755 accusator
883 692 1019 755 futurus.
1180 719 1191 758 s

628 867 660 931 V

136 989 227 1054 Quam
249 988 345 1057 lepide
367 990 533 1058 signateque
557 988 661 1042 dixerit
682 988 835 1042 Favorinus
857 988 1055 1057 philosophae,
1082 990 1152 1058 quid

172 1061 284 1114 intersit
302 1061 376 1113 inter
393 1059 520 1113 Platonis
539 1062 568 1113 et
586 1060 686 1128 Lysiae
705 1060 867 1113 orationem.

202 1185 415 1250 Favorinus
448 1187 486 1250 de
513 1186 628 1270 Lysia
655 1191 688 1250 et
714 1186 876 1250 Platone
903 1187 1018 1250 solitus
1046 1187 1151 1251 dicere

136 1280 197 1339 est:
222 1274 269 1339 ‘Si
292 1298 332 1339 ex
349 1275 536 1339 Platonis'
561 1276 667 1358 inquit
691 1275 847 1339 ‘oratione
865 1275 999 1339 verbum
1019 1275 1151 1359 aliquod
1165 1303 1190 1341 10

136 1365 243 1428 demas
276 1368 420 1428 mutesve
452 1368 549 1446 atque
580 1365 613 1428 id
645 1365 937 1428 commodatissime
966 1365 1079 1446 facias,
1111 1366 1150 1428 de

135 1454 295 1537 elegantia
312 1457 421 1516 tamen
440 1453 627 1537 detraxerim
647 1455 674 1516 si
692 1474 732 1516 ex
745 1453 896 1537 Lysiae,
915 1453 953 1516 de
970 1454 1148 1517 sententia?

618 1627 666 1692 VI

134 1749 241 1814 Quibus
260 1750 352 1803 verbis
371 1749 511 1818 ignaviter
528 1751 557 1802 et
575 1750 685 1803 abiecte
700 1749 842 1819 Vergilius
861 1767 927 1803 usus
947 1766 1007 1804 esse
1026 1750 1149 1818 dicatum

174 1822 203 1873 et
221 1820 290 1888 quid
307 1820 364 1885 his,
384 1820 434 1888 qui
452 1820 578 1887 improbe
597 1819 671 1893 (id)
690 1820 800 1887 dicunt,
818 1820 1027 1888 respondeatur.
1164 1840 1190 1880 15

107 1967 122 2014 1
200 1944 359 2010 Nonnulli
380 1947 622 2031 grammatici
640 1949 753 2012 aetatis
773 1949 955 2031 superioris,
978 1949 1149 2030 inquibus

134 2039 182 2098 est
215 2033 406 2099 Cornutus
438 2034 630 2118 Annaeus,
666 2036 746 2100 haut
782 2059 858 2101 sane
891 2037 1013 2101 indocti
1044 2059 1150 2120 neque

132 2124 302 2209 ignobiles,
330 2125 386 2208 qui
414 2127 688 2189 commentaria
715 2127 753 2189 in
776 2123 993 2210 Vergilium
1019 2146 1150 2210 compo-

133 2218 274 2295 suemnt,
291 2212 529 2296 reprehendunt
548 2215 639 2297 quasi
658 2215 817 2278 incuriose
831 2218 863 2278 et
878 2213 1000 2278 abiecte
1013 2215 1149 2279 verbum

132 2302 275 2384 positum
299 2304 340 2365 in.
356 2302 406 2366 his
429 2302 574 2366 versibus
599 2299 663 2387 (ecl.
684 2303 737 2367 VI
746 2304 814 2386 75):
1163 2333 1188 2370 11

177 2416 338 2480 candida
357 2418 592 2480 succinctam
610 2417 846 2481 latrantibus
865 2418 1026 2502 inguina
1043 2440 1148 2482 mon-

771 2507 862 2570 stris

175 2590 378 2656 Dulichias
401 2614 559 2657 vexasse
581 2598 683 2658 rates
707 2598 744 2658 et
767 2595 922 2680 gurgite
945 2595 984 2657 in
1007 2596 1087 2659 alto

176 2681 206 2744 a!
235 2681 392 2745 timidos
407 2685 553 2769 ,nautas
582 2683 741 2746 canibus
764 2684 955 2748 lacerasse
978 2685 1146 2749 marinis.

103 2793 299 2862 aVexasse
326 2797 412 2860 enim
439 2801 556 2880 putant
582 2797 716 2861 verbum
740 2820 809 2862 esse
831 2798 901 2862 leve
924 2803 957 2862 et
979 2800 1086 2862 tenuis
1110 2820 1148 2864 ac
1162 2828 1187 2867 ss

130 2885 222 2966 parvi
244 2886 440 2948 incommodi
462 2907 522 2950 nec
544 2890 653 2950 tantae
676 2889 838 2951 atrocitati
861 2908 1046 2972 congruere,
1073 2908 1147 2952 cum

130 2972 277 3037 homines
308 2977 440 3057 repente
472 2997 491 3038 a
522 2975 617 3039 belua
648 2976 881 3039 immanissima
907 2977 993 3060 rapti
1019 2977 1148 3041 laniati-

131 3081 193 3142 que
216 3062 289 3125 sint.

202 3240 235 3287 14
253 3235 343 3288 Amm.
358 3235 410 3289 XV
425 3241 466 3302 13,
482 3242 497 3289 3
607 3242 639 3290 16
650 3255 709 3306 sqq.
729 3237 814 3291 Maon.
830 3238 869 3291 VI
884 3244 907 3304 7,
923 3243 1010 3291 4-19

201 3401 216 3448 1
245 3397 376 3466 cognitae
399 3416 420 3449 ω
448 3398 604 3465 11111115
628 3399 777 3466 11ΡΒ117
803 3397 1006 3467 designateque
1029 3418 1050 3451 ω
1074 3414 1145 3454 corr.

120 3467 239 3519 Falster
248 3472 261 3533 1
275 3472 309 3520 15
333 3467 364 3521 id
387 3467 450 3522 add.
470 3469 556 3522 Hertz
576 3466 803 3537 (8111111111.)1124
826 3468 945 3523 latrasse
963 3472 1054 3538 Ρ1126
1073 3476 1148 3539 para

107 3535 229 3588 comodi
239 3539 289 3605 Ρ11
300 3544 340 3592 27
354 3540 437 3610 rupti
453 3544 477 3593 V
