2460 3848
111 175 212 230 XXXII
513 173 717 228 PRAEFATIO

111 364 236 425 parvam
261 347 344 403 vitae
366 343 554 422 Pythagorae
580 346 697 420 partem
725 362 759 401 ex
782 343 929 402 Favorino
953 347 1122 422 assumpsit,

111 437 194 495 ouius
217 435 281 492 ‹luo-
299 433 476 512 gravIssima
496 450 587 509 opera
604 434 740 490 nominat
757 430 777 507 ξ
798 434 852 505 123
875 433 927 492 cfr.
948 434 988 492 15
1008 437 1046 507 et,
1069 435 1123 494 ubi

112 525 148 584 de
170 524 363 598 homonymis
379 523 487 599 egitur,
512 522 552 580 25
573 518 644 602 (473
663 517 728 598 48).
770 519 844 579 (lum
862 521 1009 581 Favorino
1028 541 1122 600 paene

112 614 284 674 coniunctus
307 611 418 689 legitur
435 610 629 670 Aristoxenus
651 610 690 669 15
708 601 845 691 (lese),
868 611 921 669 ubi
943 613 1050 670 tertius
1072 613 1123 670 ad·

112 705 173 763 stat
190 700 374 777 Xenophilus
396 700 456 758 ille.
497 699 707 759 Aristoxenum
724 699 853 777 Diogeni
870 719 924 776 per
941 700 1123 762 Favorinum

112 792 276 850 innotuisse
310 790 370 847 alio
403 789 535 866 exemplo
568 790 641 848 satis
672 788 838 848 luculenter
868 789 985 847 ostendi
1015 792 1123 865 potest.

112 881 198 958 Diog.
222 878 268 938 III
292 879 332 937 25
359 869 431 957 (37)
463 881 622 954 postquam
654 877 801 936 Favorino
833 879 953 937 auctore
984 896 1054 938 usus
1087 878 1124 939 de

112 970 237 1029 Platone
259 967 416 1026 Aristoteli
442 966 586 1026 recitante
613 962 809 1039 rubefecit,
836 967 948 1044 pergit:
975 967 1124 1026 πολιτείαν

109 1051 305 1137 Ἀριστόξενός
336 1072 411 1134 φησι
441 1063 540 1115 πᾶσαν
572 1052 674 1133 σχεδὸν
701 1053 733 1114 ἕν
760 1059 821 1126 τοῖς
848 1053 1048 1134 Πρωταγόρου
1075 1078 1123 1135 γε·

112 1146 248 1227 γράφθαι
265 1142 473 1225 ἀντιλογινοῖς;
495 1145 575 1204 idem
592 1146 707 1220 profert
726 1145 767 1203 35
786 1135 859 1225 (57)
879 1135 1053 1225 (πολιτείαν)
1072 1143 1123 1203 καὶ

112 1233 300 1315 εὑρίσκεσθαι
323 1231 425 1312 σχεδὸν
448 1232 521 1310 ὅλην
542 1229 623 1312 παρὰ
642 1230 824 1316 Πρωταγόρᾳ
846 1231 879 1292 ίν
899 1237 960 1304 τοῖς
977 1230 1123 1312 ἀντιλογι-

113 1329 176 1397 κοῖς
194 1339 269 1400 φησι
288 1324 463 1402 Φαβωρῖνος
481 1320 514 1381 ἐν
532 1321 722 1400 παντοδαπῆς
740 1321 868 1400 ἱστορίας
886 1319 1017 1404 δευτέρῳ.
1054 1323 1123 1381 Non

113 1433 176 1474 esse
207 1416 367 1488 utrumque
399 1414 538 1485 ascitum,
570 1411 621 1470 sed
648 1411 829 1470 Favorinum
856 1412 985 1490 Diogeni
1016 1430 1123 1472 nomen

112 1503 284 1562 Aristoxeni
302 1502 506 1578 suppeditasse
524 1502 585 1558 iam
603 1519 639 1558 ex
657 1503 797 1576 accurata
810 1502 1003 1576 inscriptione
1018 1501 1123 1560 elucet.

112 1591 225 1651 Eadem
246 1609 293 1649 res
316 1592 362 1649 est
383 1590 419 1648 de
437 1590 628 1663 Dicaearcho,
651 1608 739 1665 quem
761 1592 885 1648 exeunte
906 1591 1003 1666 capite
1022 1607 1053 1649 se
1072 1589 1124 1648 ad-

112 1680 243 1740 hibuisse
266 1677 378 1737 Gellius
401 1697 472 1754 prae
495 1697 526 1738 se
548 1679 616 1751 fert,
639 1678 690 1737 cfr.
714 1678 801 1737 illum
823 1679 902 1754 apud
925 1678 1033 1737 Athen.
1051 1679 1124 1737 XIV

116 1772 155 1828 12
177 1790 205 1846 p.
226 1757 306 1826 62οᾱ
328 1765 396 1839 τοὺς
418 1759 447 1825 δ’
465 1759 696 1844 Ἐμπεδοκλέους
718 1765 893 1844 καθαρμοὺς
915 1762 1126 1849 ἐρραψῴδησεν

110 1850 283 1935 Ὀλυμπίασι
304 1852 470 1933 Κλεομένης
489 1851 504 1914 δ
523 1853 663 1938 ῥαψῳδός
681 1859 711 1915 et
729 1856 909 1915 Favorinum
926 1858 959 1913 in
977 1875 1125 1916 commen·

113 1949 199 2006 tariis
225 1945 304 2022 apud
327 1945 413 2023 Diog.
432 1944 507 2003 VIII
527 1947 555 2018 2,
575 1945 594 2002 8
614 1936 685 2028 (63)
709 1942 817 2016 αὐτοὺς
841 1940 872 2004 δὲ
895 1944 1017 2015 τούτους
1040 1937 1125 2025 (Ἐμ-

113 2028 302 2114 πεδοκλέους)
330 2032 505 2112 καθαρμοὺς
528 2031 560 2094 ἐν
580 2025 724 2115 Ὀλυμπίᾳ
746 2032 991 2115 διαρραψῳδῆσαι
1014 2030 1127 2113 λέγεται

113 2120 285 2202 Κλεομένην
303 2121 354 2184 τὸν
372 2119 529 2206 happhim
548 2123 630 2182 vides
649 2123 772 2182 eandem
784 2141 848 2181 rem
862 2140 880 2180 a
894 2122 1006 2181 duobus
1021 2123 1128 2182 eodem

113 2213 200 2273 modo
214 2212 370 2287 traditam3
385 2215 463 2272 certe
476 2212 556 2271 unde
567 2212 722 2291 Diogenes,
735 2211 803 2270 inde
814 2213 906 2270 etiam
914 2207 1126 2294 Athenaeus.¹)

113 2302 218 2378 Itaque
242 2305 272 2361 et
294 2293 502 2382 Plutarchus¹)
527 2303 558 2360 et
579 2301 773 2360 Aristoxenus
797 2303 827 2360 et
849 2299 1047 2359 Dicaearchus
1072 2321 1128 2362 nec

112 2411 172 2450 non
191 2390 301 2464 Cicero,
324 2393 407 2450 ouius
430 2391 571 2467 exemplis
594 2408 678 2449 suam
699 2390 864 2450 doctrinam
882 2408 1023 2448 exornare
1042 2396 1128 2451 amat

113 2482 196 2539 velut
217 2479 291 2538 XIII
311 2482 351 2538 25
376 2479 478 2538 XVIII
498 2482 526 2552 7,
551 2478 590 2537 ad
612 2479 816 2539 Arelatensem
839 2478 962 2552 ducunt,
985 2497 1077 2554 quem
1101 2482 1128 2539 si

115 2571 264 2628 auctorem
287 2569 506 2644 amplectimur,
531 2586 590 2625 non
614 2585 687 2643 opus
710 2570 755 2626 est
777 2560 859 2626 ‹luos'
873 2567 920 2627 vel
943 2570 1003 2626 tres
1026 2568 1129 2629 fontes

114 2659 202 2717 huius
226 2659 332 2733 eapitis
355 2675 527 2716 sumere-
544 2659 582 2714 12
608 2676 642 2713 ex
664 2655 775 2716 Catone
794 2650 863 2737 (Me.
880 2657 942 2714 662
963 2651 1127 2739 Ru.13)³)

117 2778 155 2788 —
174 2748 214 2805 13
243 2744 301 2815 Qui
328 2766 363 2805 ex
385 2745 588 2822 Theophrasto
615 2746 670 2804 hoo
697 2749 787 2821 caput
814 2745 1002 2821 desumptum
1029 2752 1128 2822 putet,

115 2837 211 2912 specie
233 2837 259 2894 is
278 2836 422 2912 capiatur.
463 2834 622 2893 Paululum
640 2836 701 2893 iam
719 2834 843 2894 offendit
860 2833 936 2892 liber
954 2835 1129 2913 philosophi

114 2925 224 2983 allatus
246 2924 329 2982 nulla
352 2923 455 2982 addite
476 2923 677 3000 inscriptione.
721 2923 817 2992 Quam
839 2942 906 2982 cum
928 2923 1129 3000 supplendam

115 3031 176 3072 esse
195 3014 227 3071 iu
247 3016 393 3089 apparatu
412 3013 515 3071 critico
533 3014 736 3090 proposuerim
754 3013 894 3072 omissam
912 3011 1014 3070 codem
1028 3013 1128 3088 modo,

115 3120 173 3178 quo
196 3101 298 3178 paucis
320 3105 390 3178 post
411 3100 556 3177 versibus,
580 3103 652 3178 quin
675 3101 829 3179 inscriptio
851 3100 921 3160 libri
943 3100 1129 3162 Democritei

114 3272 219 3327 haedos
232 3272 384 3326 teneriores
399 3271 512 3325 eosdem
525 3287 585 3325 esse
598 3287 643 3325 me
657 3270 733 3324 subit
743 3271 877 3340 suspicio;
892 3269 1020 3325 confudit
1029 3272 1129 3342 igitur,

115 3361 187 3413 qnae
205 3343 295 3398 ederit
313 3342 488 3411 Pythagoras
506 3359 634 3412 quaeque
652 3342 846 3396 immolaverit.

186 3417 212 3484 1)
231 3414 283 3469 Vd.
298 3417 328 3469 ct
340 3413 472 3482 Rudolph
486 3412 587 3467 Philol.
602 3413 692 3482 suppl.
707 3413 746 3466 VI
760 3418 810 3467 121
893 3415 920 3482 2)
938 3413 991 3466 vu
1006 3431 1034 3484 p.
1051 3415 1130 3470 XXII

171 3488 202 3550 3)
218 3485 266 3535 Ex
274 3485 404 3540 Masurio
416 3484 522 3540 Sabino
533 3484 596 3540 coll.
607 3490 651 3553 20,
662 3491 694 3539 11
705 3484 754 3556 (Vl
763 3485 807 3555 22)
817 3484 871 3538 Με.
880 3483 957 3553 apud
967 3482 1130 3557 Hertzium3

80 3547 131 3596 esi,
147 3549 277 3607 Mrinzer
290 3561 337 3610 ὅθι
