<?xml version="1.0" encoding="UTF-8"?>
<!DOCTYPE html PUBLIC "-//W3C//DTD XHTML 1.0 Transitional//EN"
    "http://www.w3.org/TR/xhtml1/DTD/xhtml1-transitional.dtd">
<html xmlns="http://www.w3.org/1999/xhtml" xml:lang="en" lang="en">
 <head>
  <title>
</title>
<meta http-equiv="Content-Type" content="text/html;charset=utf-8" />
  <meta name='ocr-system' content='tesseract 3.04.00' />
  <meta name='ocr-capabilities' content='ocr_page ocr_carea ocr_par ocr_line ocrx_word'/>
</head>
<body>
  <div class='ocr_page' id='page_1' title='image "agelliinoctivma00gellgoog_0133.png"; bbox 0 0 2460 3848; ppageno 0'>
   <div class='ocr_carea' id='block_1_1' title="bbox 138 164 708 230">
    <p class='ocr_par' dir='ltr' id='par_1_1' title="bbox 138 164 708 230">
     <span class='ocr_line' id='line_1_1' title="bbox 138 164 708 230; baseline 0 -14"><span class='ocrx_word' id='word_1_1' title='bbox 138 165 181 229; x_wconf 80' lang='grc'>64</span> <span class='ocrx_word' id='word_1_2' title='bbox 577 164 708 230; x_wconf 74' lang='lat'>111312</span> 
     </span>
    </p>
   </div>
   <div class='ocr_carea' id='block_1_2' title="bbox 96 325 1195 2546">
    <p class='ocr_par' dir='ltr' id='par_1_2' title="bbox 138 325 1151 411">
     <span class='ocr_line' id='line_1_2' title="bbox 138 325 1151 411; baseline -0.001 -19"><span class='ocrx_word' id='word_1_3' title='bbox 138 329 215 392; x_wconf 87' lang='lat' dir='ltr'>ralis</span> <span class='ocrx_word' id='word_1_4' title='bbox 237 329 294 392; x_wconf 89' lang='lat' dir='ltr'>illa</span> <span class='ocrx_word' id='word_1_5' title='bbox 318 325 478 392; x_wconf 81' lang='lat' dir='ltr'>Gracchi</span> <span class='ocrx_word' id='word_1_6' title='bbox 501 325 702 391; x_wconf 79' lang='lat' dir='ltr'><strong>vehementia</strong></span> <span class='ocrx_word' id='word_1_7' title='bbox 725 327 899 411; x_wconf 79' lang='lat' dir='ltr'>indiguisse</span> <span class='ocrx_word' id='word_1_8' title='bbox 922 349 1001 409; x_wconf 91' lang='lat' dir='ltr'>non,</span> <span class='ocrx_word' id='word_1_9' title='bbox 1027 328 1151 410; x_wconf 84' lang='lat' dir='ltr'>opinor,</span> 
     </span>
    </p>

    <p class='ocr_par' dir='ltr' id='par_1_3' title="bbox 96 413 1192 767">
     <span class='ocr_line' id='line_1_3' title="bbox 96 413 1151 481; baseline -0.002 0"><span class='ocrx_word' id='word_1_10' title='bbox 96 433 129 481; x_wconf 80' lang='lat'>15</span> <span class='ocrx_word' id='word_1_11' title='bbox 140 417 349 481; x_wconf 85' lang='lat' dir='ltr'>existimanda</span> <span class='ocrx_word' id='word_1_12' title='bbox 372 421 428 480; x_wconf 89' lang='lat' dir='ltr'>est.</span> <span class='ocrx_word' id='word_1_13' title='bbox 469 416 511 479; x_wconf 89' lang='lat' dir='ltr'>M.</span> <span class='ocrx_word' id='word_1_14' title='bbox 535 419 643 479; x_wconf 86' lang='lat' dir='ltr'>tamen</span> <span class='ocrx_word' id='word_1_15' title='bbox 662 413 794 479; x_wconf 81' lang='lat' dir='ltr'>Cicero</span> <span class='ocrx_word' id='word_1_16' title='bbox 818 416 1029 480; x_wconf 88' lang='lat' dir='ltr'>fistulatorem</span> <span class='ocrx_word' id='word_1_17' title='bbox 1052 418 1151 480; x_wconf 90' lang='lat' dir='ltr'>istum</span> 
     </span>
     <span class='ocr_line' id='line_1_4' title="bbox 139 502 1151 588; baseline 0 -19"><span class='ocrx_word' id='word_1_18' title='bbox 139 506 267 588; x_wconf 88' lang='lat' dir='ltr'>utrique</span> <span class='ocrx_word' id='word_1_19' title='bbox 289 506 336 569; x_wconf 90' lang='lat' dir='ltr'>rei</span> <span class='ocrx_word' id='word_1_20' title='bbox 359 505 539 569; x_wconf 91' lang='lat' dir='ltr'>adhibitum</span> <span class='ocrx_word' id='word_1_21' title='bbox 563 526 630 568; x_wconf 89' lang='lat' dir='ltr'>esse</span> <span class='ocrx_word' id='word_1_22' title='bbox 654 527 673 567; x_wconf 91' lang='lat' dir='ltr'>a</span> <span class='ocrx_word' id='word_1_23' title='bbox 692 502 860 569; x_wconf 79' lang='lat' dir='ltr'>Graccho</span> <span class='ocrx_word' id='word_1_24' title='bbox 884 508 987 588; x_wconf 88' lang='lat' dir='ltr'>putat,</span> <span class='ocrx_word' id='word_1_25' title='bbox 1008 509 1045 568; x_wconf 92' lang='lat' dir='ltr'>ut</span> <span class='ocrx_word' id='word_1_26' title='bbox 1064 506 1151 569; x_wconf 91' lang='lat' dir='ltr'>sonis</span> 
     </span>
     <span class='ocr_line' id='line_1_5' title="bbox 139 593 1151 677; baseline 0 -19"><span class='ocrx_word' id='word_1_27' title='bbox 139 599 209 658; x_wconf 94' lang='lat' dir='ltr'>tum</span> <span class='ocrx_word' id='word_1_28' title='bbox 241 595 374 677; x_wconf 90' lang='lat' dir='ltr'>placidis</span> <span class='ocrx_word' id='word_1_29' title='bbox 406 598 477 658; x_wconf 95' lang='lat' dir='ltr'>tum</span> <span class='ocrx_word' id='word_1_30' title='bbox 509 593 614 658; x_wconf 89' lang='lat' dir='ltr'>citatis</span> <span class='ocrx_word' id='word_1_31' title='bbox 646 596 702 657; x_wconf 88' lang='lat' dir='ltr'>aut</span> <span class='ocrx_word' id='word_1_32' title='bbox 734 594 904 657; x_wconf 87' lang='lat' dir='ltr'>demissam</span> <span class='ocrx_word' id='word_1_33' title='bbox 931 595 1151 677; x_wconf 89' lang='lat' dir='ltr'>iacentemque</span> 
     </span>
     <span class='ocr_line' id='line_1_6' title="bbox 140 682 1192 767; baseline 0.001 -20"><span class='ocrx_word' id='word_1_34' title='bbox 140 684 317 747; x_wconf 87' lang='lat' dir='ltr'>orationem</span> <span class='ocrx_word' id='word_1_35' title='bbox 340 684 408 746; x_wconf 90' lang='lat' dir='ltr'>eius</span> <span class='ocrx_word' id='word_1_36' title='bbox 432 683 568 767; x_wconf 82' lang='lat' dir='ltr'>erigeret</span> <span class='ocrx_word' id='word_1_37' title='bbox 590 687 647 747; x_wconf 90' lang='lat' dir='ltr'>aut</span> <span class='ocrx_word' id='word_1_38' title='bbox 668 682 874 747; x_wconf 81' lang='lat' dir='ltr'>ferocientem</span> <span class='ocrx_word' id='word_1_39' title='bbox 894 683 1152 765; x_wconf 71' lang='lat' dir='ltr'>saevientemque</span> <span class='ocrx_word' id='word_1_40' title='bbox 1180 711 1192 750; x_wconf 79' lang='lat' dir='ltr'>s</span> 
     </span>
    </p>

    <p class='ocr_par' dir='ltr' id='par_1_4' title="bbox 97 770 1192 1548">
     <span class='ocr_line' id='line_1_7' title="bbox 97 770 1152 855; baseline 0 -19"><span class='ocrx_word' id='word_1_41' title='bbox 97 788 130 836; x_wconf 84' lang='lat'>16</span> <span class='ocrx_word' id='word_1_42' title='bbox 140 771 312 836; x_wconf 79' lang='lat' dir='ltr'>cohiberet.</span> <span class='ocrx_word' id='word_1_43' title='bbox 349 771 457 836; x_wconf 89' lang='lat' dir='ltr'>Verba</span> <span class='ocrx_word' id='word_1_44' title='bbox 475 772 576 854; x_wconf 88' lang='lat' dir='ltr'>ipsius</span> <span class='ocrx_word' id='word_1_45' title='bbox 594 770 790 836; x_wconf 79' lang='lat' dir='ltr'>Ciceronis</span> <span class='ocrx_word' id='word_1_46' title='bbox 809 772 860 855; x_wconf 78' lang='lat' dir='ltr'>(da</span> <span class='ocrx_word' id='word_1_47' title='bbox 874 793 916 836; x_wconf 88' lang='lat' dir='ltr'>or.</span> <span class='ocrx_word' id='word_1_48' title='bbox 931 772 998 836; x_wconf 88' lang='grc' dir='ltr'>ΙΠ</span> <span class='ocrx_word' id='word_1_49' title='bbox 1006 777 1055 851; x_wconf 83' lang='grc'>60,</span> <span class='ocrx_word' id='word_1_50' title='bbox 1070 774 1152 854; x_wconf 81' lang='grc'><em>225)</em></span> 
     </span>
     <span class='ocr_line' id='line_1_8' title="bbox 140 858 1152 945; baseline 0.001 -20"><span class='ocrx_word' id='word_1_51' title='bbox 140 862 288 944; x_wconf 88' lang='lat' dir='ltr'>apposui:</span> <span class='ocrx_word' id='word_1_52' title='bbox 316 858 450 943; x_wconf 86' lang='lat' dir='ltr'>Itaque</span> <span class='ocrx_word' id='word_1_53' title='bbox 478 861 576 925; x_wconf 90' lang='lat' dir='ltr'>idem</span> <span class='ocrx_word' id='word_1_54' title='bbox 601 858 808 942; x_wconf 78' lang='lat' dir='ltr'>Gracchus,</span> <span class='ocrx_word' id='word_1_55' title='bbox 834 861 934 943; x_wconf 92' lang='lat' dir='ltr'>quod</span> <span class='ocrx_word' id='word_1_56' title='bbox 957 865 1066 945; x_wconf 90' lang='lat' dir='ltr'>potes</span> <span class='ocrx_word' id='word_1_57' title='bbox 1089 885 1152 926; x_wconf 89' lang='lat' dir='ltr'>au-</span> 
     </span>
     <span class='ocr_line' id='line_1_9' title="bbox 140 947 1152 1033; baseline 0 -19"><span class='ocrx_word' id='word_1_58' title='bbox 140 951 235 1032; x_wconf 87' lang='lat' dir='ltr'>dire,</span> <span class='ocrx_word' id='word_1_59' title='bbox 268 947 415 1031; x_wconf 75' lang='lat' dir='ltr'>Catule,</span> <span class='ocrx_word' id='word_1_60' title='bbox 448 972 491 1013; x_wconf 87' lang='lat' dir='ltr'>ex</span> <span class='ocrx_word' id='word_1_61' title='bbox 519 949 670 1014; x_wconf 91' lang='lat' dir='ltr'>Licinio</span> <span class='ocrx_word' id='word_1_62' title='bbox 698 951 840 1014; x_wconf 90' lang='lat' dir='ltr'>cliente</span> <span class='ocrx_word' id='word_1_63' title='bbox 867 954 947 1033; x_wconf 93' lang='lat' dir='ltr'>tuo,</span> <span class='ocrx_word' id='word_1_64' title='bbox 973 951 1152 1015; x_wconf 89' lang='lat' dir='ltr'>litterato</span> 
     </span>
     <span class='ocr_line' id='line_1_10' title="bbox 139 1037 1153 1122; baseline 0.001 -20"><span class='ocrx_word' id='word_1_65' title='bbox 139 1038 307 1120; x_wconf 90' lang='lat' dir='ltr'>homine,</span> <span class='ocrx_word' id='word_1_66' title='bbox 338 1060 447 1121; x_wconf 88' lang='lat' dir='ltr'>quem</span> <span class='ocrx_word' id='word_1_67' title='bbox 476 1061 624 1102; x_wconf 88' lang='lat' dir='ltr'>servum</span> <span class='ocrx_word' id='word_1_68' title='bbox 653 1039 727 1102; x_wconf 93' lang='lat' dir='ltr'>sibi</span> <span class='ocrx_word' id='word_1_69' title='bbox 755 1037 891 1102; x_wconf 91' lang='lat' dir='ltr'>habuit</span> <span class='ocrx_word' id='word_1_70' title='bbox 917 1039 962 1102; x_wconf 87' lang='lat' dir='ltr'>ad</span> <span class='ocrx_word' id='word_1_71' title='bbox 990 1062 1153 1122; x_wconf 87' lang='lat' dir='ltr'>manum,</span> 
     </span>
     <span class='ocr_line' id='line_1_11' title="bbox 141 1126 1192 1211; baseline 0.003 -20"><span class='ocrx_word' id='word_1_72' title='bbox 141 1149 222 1191; x_wconf 88' lang='lat' dir='ltr'>cum</span> <span class='ocrx_word' id='word_1_73' title='bbox 260 1128 425 1192; x_wconf 89' lang='lat' dir='ltr'>eburnea</span> <span class='ocrx_word' id='word_1_74' title='bbox 461 1128 601 1192; x_wconf 88' lang='lat' dir='ltr'>solitus</span> <span class='ocrx_word' id='word_1_75' title='bbox 638 1132 696 1191; x_wconf 91' lang='lat' dir='ltr'>est</span> <span class='ocrx_word' id='word_1_76' title='bbox 731 1126 869 1192; x_wconf 90' lang='lat' dir='ltr'>habere</span> <span class='ocrx_word' id='word_1_77' title='bbox 901 1128 1051 1211; x_wconf 83' lang='lat' dir='ltr'>fistula,</span> <span class='ocrx_word' id='word_1_78' title='bbox 1087 1130 1192 1210; x_wconf 76' lang='lat' dir='ltr'>qniro</span> 
     </span>
     <span class='ocr_line' id='line_1_12' title="bbox 142 1218 1152 1300; baseline 0 -19"><span class='ocrx_word' id='word_1_79' title='bbox 142 1221 263 1281; x_wconf 91' lang='lat' dir='ltr'>staret</span> <span class='ocrx_word' id='word_1_80' title='bbox 290 1219 440 1281; x_wconf 84' lang='lat' dir='ltr'>occulte</span> <span class='ocrx_word' id='word_1_81' title='bbox 468 1221 555 1300; x_wconf 94' lang='lat' dir='ltr'>post</span> <span class='ocrx_word' id='word_1_82' title='bbox 583 1218 720 1300; x_wconf 90' lang='lat' dir='ltr'>ipsum,</span> <span class='ocrx_word' id='word_1_83' title='bbox 743 1238 824 1281; x_wconf 89' lang='lat' dir='ltr'>cum</span> <span class='ocrx_word' id='word_1_84' title='bbox 848 1218 1152 1300; x_wconf 85' lang='lat' dir='ltr'>contionaretur,</span> 
     </span>
     <span class='ocr_line' id='line_1_13' title="bbox 141 1305 1151 1389; baseline 0.001 -20"><span class='ocrx_word' id='word_1_85' title='bbox 141 1306 306 1389; x_wconf 90' lang='lat' dir='ltr'>peritum</span> <span class='ocrx_word' id='word_1_86' title='bbox 338 1305 543 1388; x_wconf 90' lang='lat' dir='ltr'>hominem,</span> <span class='ocrx_word' id='word_1_87' title='bbox 576 1307 640 1388; x_wconf 92' lang='lat' dir='ltr'>qni</span> <span class='ocrx_word' id='word_1_88' title='bbox 671 1305 831 1370; x_wconf 89' lang='lat' dir='ltr'>inflaret</span> <span class='ocrx_word' id='word_1_89' title='bbox 864 1307 1043 1370; x_wconf 91' lang='lat' dir='ltr'>celeriter</span> <span class='ocrx_word' id='word_1_90' title='bbox 1070 1329 1151 1370; x_wconf 92' lang='lat' dir='ltr'>enm</span> 
     </span>
     <span class='ocr_line' id='line_1_14' title="bbox 141 1395 1153 1477; baseline 0.001 -19"><span class='ocrx_word' id='word_1_91' title='bbox 141 1417 287 1477; x_wconf 91' lang='lat' dir='ltr'>sonum,</span> <span class='ocrx_word' id='word_1_92' title='bbox 320 1397 385 1477; x_wconf 95' lang='lat' dir='ltr'>qui</span> <span class='ocrx_word' id='word_1_93' title='bbox 417 1396 527 1458; x_wconf 94' lang='lat' dir='ltr'>illum</span> <span class='ocrx_word' id='word_1_94' title='bbox 555 1399 620 1459; x_wconf 89' lang='lat' dir='ltr'>aut</span> <span class='ocrx_word' id='word_1_95' title='bbox 646 1395 844 1458; x_wconf 88' lang='lat' dir='ltr'>remissum</span> <span class='ocrx_word' id='word_1_96' title='bbox 872 1395 1060 1459; x_wconf 85' lang='lat' dir='ltr'>excitaret</span> <span class='ocrx_word' id='word_1_97' title='bbox 1087 1399 1153 1459; x_wconf 90' lang='lat' dir='ltr'>aut</span> 
     </span>
     <span class='ocr_line' id='line_1_15' title="bbox 141 1485 659 1548; baseline -0.002 0"><span class='ocrx_word' id='word_1_98' title='bbox 141 1506 160 1547; x_wconf 86' lang='lat' dir='ltr'>a</span> <span class='ocrx_word' id='word_1_99' title='bbox 183 1485 430 1548; x_wconf 89' lang='lat' dir='ltr'>contentione</span> <span class='ocrx_word' id='word_1_100' title='bbox 453 1488 659 1547; x_wconf 76' lang='lat' dir='ltr'>reuocaret.</span> 
     </span>
    </p>

    <p class='ocr_par' dir='ltr' id='par_1_5' title="bbox 99 1572 1193 1921">
     <span class='ocr_line' id='line_1_16' title="bbox 99 1572 1193 1656; baseline 0.005 -20"><span class='ocrx_word' id='word_1_101' title='bbox 99 1588 131 1637; x_wconf 74' lang='lat'>17</span> <span class='ocrx_word' id='word_1_102' title='bbox 209 1573 332 1636; x_wconf 92' lang='lat' dir='ltr'>Morem</span> <span class='ocrx_word' id='word_1_103' title='bbox 360 1576 466 1636; x_wconf 90' lang='lat' dir='ltr'>autem</span> <span class='ocrx_word' id='word_1_104' title='bbox 494 1573 586 1636; x_wconf 92' lang='lat' dir='ltr'>illum</span> <span class='ocrx_word' id='word_1_105' title='bbox 609 1572 808 1656; x_wconf 79' lang='lat' dir='ltr'>ingrediendi</span> <span class='ocrx_word' id='word_1_106' title='bbox 831 1574 872 1635; x_wconf 88' lang='lat' dir='ltr'>ad</span> <span class='ocrx_word' id='word_1_107' title='bbox 894 1573 1063 1636; x_wconf 89' lang='lat' dir='ltr'>tibicinum</span> <span class='ocrx_word' id='word_1_108' title='bbox 1086 1596 1153 1637; x_wconf 94' lang='lat' dir='ltr'>mo·</span> <span class='ocrx_word' id='word_1_109' title='bbox 1168 1601 1193 1641; x_wconf 78' lang='lat' dir='ltr'>rs</span> 
     </span>
     <span class='ocr_line' id='line_1_17' title="bbox 142 1660 1153 1744; baseline 0.002 -20"><span class='ocrx_word' id='word_1_110' title='bbox 142 1662 235 1725; x_wconf 93' lang='lat' dir='ltr'>dulos</span> <span class='ocrx_word' id='word_1_111' title='bbox 258 1662 373 1744; x_wconf 91' lang='lat' dir='ltr'>proelii</span> <span class='ocrx_word' id='word_1_112' title='bbox 395 1661 579 1725; x_wconf 91' lang='lat' dir='ltr'>institutum</span> <span class='ocrx_word' id='word_1_113' title='bbox 604 1682 671 1725; x_wconf 91' lang='lat' dir='ltr'>esse</span> <span class='ocrx_word' id='word_1_114' title='bbox 694 1683 713 1723; x_wconf 91' lang='lat' dir='ltr'>a</span> <span class='ocrx_word' id='word_1_115' title='bbox 735 1660 983 1725; x_wconf 88' lang='lat' dir='ltr'>Lacedaemonis</span> <span class='ocrx_word' id='word_1_116' title='bbox 1004 1660 1153 1726; x_wconf 88' lang='lat' dir='ltr'>Aristo-</span> 
     </span>
     <span class='ocr_line' id='line_1_18' title="bbox 141 1748 1154 1836; baseline 0.002 -23"><span class='ocrx_word' id='word_1_117' title='bbox 141 1751 238 1814; x_wconf 93' lang='lat' dir='ltr'>teles</span> <span class='ocrx_word' id='word_1_118' title='bbox 266 1751 306 1812; x_wconf 94' lang='lat' dir='ltr'>in</span> <span class='ocrx_word' id='word_1_119' title='bbox 327 1750 441 1814; x_wconf 90' lang='lat' dir='ltr'>libris</span> <span class='ocrx_word' id='word_1_120' title='bbox 464 1749 733 1832; x_wconf 89' lang='lat' dir='ltr'>problematon</span> <span class='ocrx_word' id='word_1_121' title='bbox 756 1748 809 1836; x_wconf 81' lang='lat' dir='ltr'>(fr.</span> <span class='ocrx_word' id='word_1_122' title='bbox 825 1755 890 1815; x_wconf 76' lang='lat'>244</span> <span class='ocrx_word' id='word_1_123' title='bbox 912 1750 993 1827; x_wconf 78' lang='lat' dir='ltr'><em>VR.)</em></span> <span class='ocrx_word' id='word_1_124' title='bbox 1017 1752 1154 1834; x_wconf 86' lang='lat' dir='ltr'>scripsit,</span> 
     </span>
     <span class='ocr_line' id='line_1_19' title="bbox 142 1839 1153 1921; baseline 0.003 -20"><span class='ocrx_word' id='word_1_125' title='bbox 142 1860 206 1920; x_wconf 95' lang='lat' dir='ltr'>quo</span> <span class='ocrx_word' id='word_1_126' title='bbox 231 1839 430 1902; x_wconf 81' lang='lat' dir='ltr'>manifestior</span> <span class='ocrx_word' id='word_1_127' title='bbox 452 1839 543 1903; x_wconf 88' lang='lat' dir='ltr'>fieret</span> <span class='ocrx_word' id='word_1_128' title='bbox 565 1839 822 1921; x_wconf 87' lang='lat' dir='ltr'>exploratiorque</span> <span class='ocrx_word' id='word_1_129' title='bbox 842 1840 981 1903; x_wconf 90' lang='lat' dir='ltr'>militum</span> <span class='ocrx_word' id='word_1_130' title='bbox 1000 1842 1153 1904; x_wconf 88' lang='lat' dir='ltr'>securitas</span> 
     </span>
    </p>

    <p class='ocr_par' dir='ltr' id='par_1_6' title="bbox 99 1925 1195 2190">
     <span class='ocr_line' id='line_1_20' title="bbox 99 1925 1153 2010; baseline 0.002 -19"><span class='ocrx_word' id='word_1_131' title='bbox 99 1942 131 1991; x_wconf 83' lang='lat'>18</span> <span class='ocrx_word' id='word_1_132' title='bbox 142 1931 175 1990; x_wconf 90' lang='lat' dir='ltr'>et</span> <span class='ocrx_word' id='word_1_133' title='bbox 199 1929 354 1991; x_wconf 85' lang='lat' dir='ltr'>alacritas.</span> <span class='ocrx_word' id='word_1_134' title='bbox 402 1925 498 1991; x_wconf 80' lang='lat' dir='ltr'>‘Nam</span> <span class='ocrx_word' id='word_1_135' title='bbox 521 1927 728 1991; x_wconf 87' lang='lat' dir='ltr'>diffidentiae’</span> <span class='ocrx_word' id='word_1_136' title='bbox 752 1929 858 2010; x_wconf 92' lang='lat' dir='ltr'>inquit</span> <span class='ocrx_word' id='word_1_137' title='bbox 881 1929 925 1992; x_wconf 76' lang='lat' dir='ltr'>‘et</span> <span class='ocrx_word' id='word_1_138' title='bbox 947 1930 1057 1993; x_wconf 90' lang='lat' dir='ltr'>timori</span> <span class='ocrx_word' id='word_1_139' title='bbox 1080 1950 1153 1993; x_wconf 92' lang='lat' dir='ltr'>cum</span> 
     </span>
     <span class='ocr_line' id='line_1_21' title="bbox 141 2017 1195 2101; baseline 0.004 -21"><span class='ocrx_word' id='word_1_140' title='bbox 141 2017 339 2101; x_wconf 82' lang='lat' dir='ltr'>ingressione</span> <span class='ocrx_word' id='word_1_141' title='bbox 371 2017 592 2081; x_wconf 89' lang='lat' dir='ltr'>huiuscemodi</span> <span class='ocrx_word' id='word_1_142' title='bbox 625 2017 756 2080; x_wconf 91' lang='lat' dir='ltr'>minime</span> <span class='ocrx_word' id='word_1_143' title='bbox 784 2019 948 2101; x_wconf 85' lang='lat' dir='ltr'>convenit,</span> <span class='ocrx_word' id='word_1_144' title='bbox 980 2023 1012 2082; x_wconf 91' lang='lat' dir='ltr'>et</span> <span class='ocrx_word' id='word_1_145' title='bbox 1040 2019 1154 2083; x_wconf 90' lang='lat' dir='ltr'>maesti</span> <span class='ocrx_word' id='word_1_146' title='bbox 1169 2047 1195 2084; x_wconf 74' lang='lat' dir='ltr'>eo</span> 
     </span>
     <span class='ocr_line' id='line_1_22' title="bbox 142 2105 1154 2190; baseline 0.001 -20"><span class='ocrx_word' id='word_1_147' title='bbox 142 2110 239 2189; x_wconf 88' lang='lat' dir='ltr'>atque</span> <span class='ocrx_word' id='word_1_148' title='bbox 262 2106 470 2170; x_wconf 86' lang='lat' dir='ltr'>formidantes</span> <span class='ocrx_word' id='word_1_149' title='bbox 493 2106 534 2170; x_wconf 88' lang='lat' dir='ltr'>ab</span> <span class='ocrx_word' id='word_1_150' title='bbox 553 2105 613 2169; x_wconf 86' lang='lat' dir='ltr'>hac</span> <span class='ocrx_word' id='word_1_151' title='bbox 631 2110 698 2170; x_wconf 87' lang='lat' dir='ltr'>tam</span> <span class='ocrx_word' id='word_1_152' title='bbox 716 2106 875 2190; x_wconf 89' lang='lat' dir='ltr'>intrepida</span> <span class='ocrx_word' id='word_1_153' title='bbox 898 2129 936 2171; x_wconf 90' lang='lat' dir='ltr'>ac</span> <span class='ocrx_word' id='word_1_154' title='bbox 953 2111 1020 2171; x_wconf 87' lang='lat' dir='ltr'>tam</span> <span class='ocrx_word' id='word_1_155' title='bbox 1040 2108 1154 2172; x_wconf 86' lang='lat' dir='ltr'>decora</span> 
     </span>
    </p>

    <p class='ocr_par' dir='ltr' id='par_1_7' title="bbox 100 2194 1195 2546">
     <span class='ocr_line' id='line_1_23' title="bbox 100 2194 1155 2279; baseline 0.001 -19"><span class='ocrx_word' id='word_1_156' title='bbox 100 2210 132 2260; x_wconf 82' lang='lat'>19</span> <span class='ocrx_word' id='word_1_157' title='bbox 142 2196 309 2260; x_wconf 92' lang='lat' dir='ltr'>incedendi</span> <span class='ocrx_word' id='word_1_158' title='bbox 333 2196 550 2259; x_wconf 85' lang='lat' dir='ltr'>modulatione</span> <span class='ocrx_word' id='word_1_159' title='bbox 573 2196 670 2259; x_wconf 88' lang='lat' dir='ltr'>alieni</span> <span class='ocrx_word' id='word_1_160' title='bbox 688 2195 783 2259; x_wconf 90' lang='lat' dir='ltr'>sunt’</span> <span class='ocrx_word' id='word_1_161' title='bbox 824 2194 932 2259; x_wconf 89' lang='lat' dir='ltr'>Verba</span> <span class='ocrx_word' id='word_1_162' title='bbox 950 2217 1052 2279; x_wconf 88' lang='lat' dir='ltr'>pauca</span> <span class='ocrx_word' id='word_1_163' title='bbox 1069 2196 1155 2261; x_wconf 88' lang='lat' dir='ltr'>Ari·</span> 
     </span>
     <span class='ocr_line' id='line_1_24' title="bbox 143 2284 1154 2368; baseline 0.002 -20"><span class='ocrx_word' id='word_1_164' title='bbox 143 2286 298 2349; x_wconf 89' lang='lat' dir='ltr'>stotelis</span> <span class='ocrx_word' id='word_1_165' title='bbox 321 2307 417 2368; x_wconf 90' lang='lat' dir='ltr'>super</span> <span class='ocrx_word' id='word_1_166' title='bbox 439 2307 476 2348; x_wconf 86' lang='lat' dir='ltr'>ea</span> <span class='ocrx_word' id='word_1_167' title='bbox 499 2307 533 2348; x_wconf 90' lang='lat' dir='ltr'>re</span> <span class='ocrx_word' id='word_1_168' title='bbox 554 2285 702 2368; x_wconf 90' lang='lat' dir='ltr'>apposui:</span> <span class='ocrx_word' id='word_1_169' title='bbox 726 2285 803 2349; x_wconf 85' lang='grc' dir='ltr'>Διὰ</span> <span class='ocrx_word' id='word_1_170' title='bbox 822 2288 873 2367; x_wconf 83' lang='grc' dir='ltr'>τί,</span> <span class='ocrx_word' id='word_1_171' title='bbox 893 2284 1053 2350; x_wconf 76' lang='grc' dir='ltr'><strong><em>ἐπειδὰν</em></strong></span> <span class='ocrx_word' id='word_1_172' title='bbox 1071 2310 1154 2350; x_wconf 84' lang='grc' dir='ltr'><strong><em>κιν-</em></strong></span> 
     </span>
     <span class='ocr_line' id='line_1_25' title="bbox 144 2372 1154 2458; baseline 0.001 -20"><span class='ocrx_word' id='word_1_173' title='bbox 144 2375 329 2438; x_wconf 76' lang='grc' dir='ltr'><em>δυνεύειν</em></span> <span class='ocrx_word' id='word_1_174' title='bbox 360 2372 568 2457; x_wconf 78' lang='grc' dir='ltr'><em>μέλλωσιν,</em></span> <span class='ocrx_word' id='word_1_175' title='bbox 602 2375 697 2458; x_wconf 82' lang='grc' dir='ltr'><strong><em>πρὸς</em></strong></span> <span class='ocrx_word' id='word_1_176' title='bbox 729 2373 850 2438; x_wconf 81' lang='grc' dir='ltr'><strong><em>αὐλὸν</em></strong></span> <span class='ocrx_word' id='word_1_177' title='bbox 880 2373 1154 2458; x_wconf 80' lang='grc' dir='ltr'><strong><em>ἐμβαίνουσιν;</em></strong></span> 
     </span>
     <span class='ocr_line' id='line_1_26' title="bbox 142 2461 1195 2546; baseline 0.004 -19"><span class='ocrx_word' id='word_1_178' title='bbox 142 2463 207 2527; x_wconf 82' lang='grc' dir='ltr'>ἵνα</span> <span class='ocrx_word' id='word_1_179' title='bbox 222 2465 313 2539; x_wconf 83' lang='grc' dir='ltr'><strong><em>τοὺς</em></strong></span> <span class='ocrx_word' id='word_1_180' title='bbox 327 2463 483 2538; x_wconf 76' lang='grc' dir='ltr'><strong><em>δειλοὺς</em></strong></span> <span class='ocrx_word' id='word_1_181' title='bbox 497 2461 818 2546; x_wconf 79' lang='grc' dir='ltr'><strong><em>ἀσχημονοῦντας</em></strong></span> <span class='ocrx_word' id='word_1_182' title='bbox 831 2463 1086 2544; x_wconf 64' lang='lat' dir='ltr'>preconante.</span> <span class='ocrx_word' id='word_1_183' title='bbox 1099 2488 1151 2523; x_wconf 65' lang='lat' dir='ltr'>*r*</span> <span class='ocrx_word' id='word_1_184' title='bbox 1169 2491 1195 2530; x_wconf 78' lang='lat' dir='ltr'>ns</span> 
     </span>
    </p>
   </div>
   <div class='ocr_carea' id='block_1_3' title="bbox 618 2656 680 2720">
    <p class='ocr_par' dir='ltr' id='par_1_8' title="bbox 618 2656 680 2720">
     <span class='ocr_line' id='line_1_27' title="bbox 618 2656 680 2720; baseline 0 0"><span class='ocrx_word' id='word_1_185' title='bbox 618 2656 680 2720; x_wconf 88' lang='lat' dir='ltr'>XII</span> 
     </span>
    </p>
   </div>
   <div class='ocr_carea' id='block_1_4' title="bbox 143 2775 1197 3132">
    <p class='ocr_par' dir='ltr' id='par_1_9' title="bbox 143 2775 1197 3132">
     <span class='ocr_line' id='line_1_28' title="bbox 143 2775 1156 2848; baseline 0.003 -18"><span class='ocrx_word' id='word_1_186' title='bbox 143 2775 230 2847; x_wconf 81' lang='lat' dir='ltr'>Virgo</span> <span class='ocrx_word' id='word_1_187' title='bbox 246 2776 349 2830; x_wconf 88' lang='lat' dir='ltr'>Vestae</span> <span class='ocrx_word' id='word_1_188' title='bbox 363 2777 433 2845; x_wconf 90' lang='lat' dir='ltr'>quid</span> <span class='ocrx_word' id='word_1_189' title='bbox 451 2777 553 2831; x_wconf 88' lang='lat' dir='ltr'>aetatis</span> <span class='ocrx_word' id='word_1_190' title='bbox 571 2780 601 2832; x_wconf 91' lang='lat' dir='ltr'>et</span> <span class='ocrx_word' id='word_1_191' title='bbox 619 2795 654 2833; x_wconf 86' lang='lat' dir='ltr'>ex</span> <span class='ocrx_word' id='word_1_192' title='bbox 671 2778 750 2848; x_wconf 88' lang='lat' dir='ltr'>quali</span> <span class='ocrx_word' id='word_1_193' title='bbox 768 2778 878 2832; x_wconf 87' lang='lat' dir='ltr'>familia</span> <span class='ocrx_word' id='word_1_194' title='bbox 897 2782 925 2833; x_wconf 90' lang='lat' dir='ltr'>et</span> <span class='ocrx_word' id='word_1_195' title='bbox 943 2796 998 2848; x_wconf 90' lang='lat' dir='ltr'>quo</span> <span class='ocrx_word' id='word_1_196' title='bbox 1017 2779 1074 2835; x_wconf 90' lang='lat' dir='ltr'>ritu</span> <span class='ocrx_word' id='word_1_197' title='bbox 1093 2781 1156 2848; x_wconf 91' lang='lat' dir='ltr'>qui-</span> 
     </span>
     <span class='ocr_line' id='line_1_29' title="bbox 178 2847 1155 2920; baseline 0.002 -18"><span class='ocrx_word' id='word_1_198' title='bbox 178 2847 286 2915; x_wconf 88' lang='lat' dir='ltr'>busque</span> <span class='ocrx_word' id='word_1_199' title='bbox 309 2848 486 2901; x_wconf 85' lang='lat' dir='ltr'>caerimoniis</span> <span class='ocrx_word' id='word_1_200' title='bbox 510 2851 538 2902; x_wconf 90' lang='lat' dir='ltr'>et</span> <span class='ocrx_word' id='word_1_201' title='bbox 560 2849 745 2920; x_wconf 82' lang='lat' dir='ltr'>religionibus</span> <span class='ocrx_word' id='word_1_202' title='bbox 769 2865 802 2903; x_wconf 87' lang='lat' dir='ltr'>ae</span> <span class='ocrx_word' id='word_1_203' title='bbox 820 2867 876 2919; x_wconf 91' lang='lat' dir='ltr'>quo</span> <span class='ocrx_word' id='word_1_204' title='bbox 895 2850 1007 2904; x_wconf 87' lang='lat' dir='ltr'>nomine</span> <span class='ocrx_word' id='word_1_205' title='bbox 1026 2867 1043 2904; x_wconf 88' lang='lat' dir='ltr'>a</span> <span class='ocrx_word' id='word_1_206' title='bbox 1061 2853 1155 2920; x_wconf 90' lang='lat' dir='ltr'>ponti-</span> 
     </span>
     <span class='ocr_line' id='line_1_30' title="bbox 178 2918 1155 2991; baseline 0.003 -19"><span class='ocrx_word' id='word_1_207' title='bbox 178 2918 229 2973; x_wconf 86' lang='lat' dir='ltr'>fice</span> <span class='ocrx_word' id='word_1_208' title='bbox 248 2919 369 2972; x_wconf 88' lang='lat' dir='ltr'>maximo</span> <span class='ocrx_word' id='word_1_209' title='bbox 389 2919 518 2988; x_wconf 85' lang='lat' dir='ltr'>capiatur</span> <span class='ocrx_word' id='word_1_210' title='bbox 536 2922 565 2974; x_wconf 91' lang='lat' dir='ltr'>et</span> <span class='ocrx_word' id='word_1_211' title='bbox 583 2937 638 2989; x_wconf 90' lang='lat' dir='ltr'>quo</span> <span class='ocrx_word' id='word_1_212' title='bbox 658 2921 754 2975; x_wconf 85' lang='lat' dir='ltr'>statim</span> <span class='ocrx_word' id='word_1_213' title='bbox 772 2921 833 2974; x_wconf 89' lang='lat' dir='ltr'>iure</span> <span class='ocrx_word' id='word_1_214' title='bbox 849 2937 909 2975; x_wconf 88' lang='lat' dir='ltr'>esse</span> <span class='ocrx_word' id='word_1_215' title='bbox 923 2921 1050 2991; x_wconf 84' lang='lat' dir='ltr'>incipiat,</span> <span class='ocrx_word' id='word_1_216' title='bbox 1070 2922 1155 2975; x_wconf 90' lang='lat' dir='ltr'>simul</span> 
     </span>
     <span class='ocr_line' id='line_1_31' title="bbox 180 2992 1197 3061; baseline 0.006 -19"><span class='ocrx_word' id='word_1_217' title='bbox 180 2993 265 3058; x_wconf 89' lang='lat' dir='ltr'>atque</span> <span class='ocrx_word' id='word_1_218' title='bbox 284 2993 369 3058; x_wconf 88' lang='lat' dir='ltr'>capta</span> <span class='ocrx_word' id='word_1_219' title='bbox 388 2993 442 3056; x_wconf 78' lang='lat' dir='ltr'>est3</span> <span class='ocrx_word' id='word_1_220' title='bbox 462 2993 601 3061; x_wconf 80' lang='lat' dir='ltr'>quodque,</span> <span class='ocrx_word' id='word_1_221' title='bbox 620 2994 652 3045; x_wconf 91' lang='lat' dir='ltr'>ut</span> <span class='ocrx_word' id='word_1_222' title='bbox 670 2992 763 3046; x_wconf 88' lang='lat' dir='ltr'>Labeo</span> <span class='ocrx_word' id='word_1_223' title='bbox 783 2992 860 3059; x_wconf 82' lang='lat' dir='ltr'>dicit,</span> <span class='ocrx_word' id='word_1_224' title='bbox 878 3008 930 3046; x_wconf 90' lang='lat' dir='ltr'>nec</span> <span class='ocrx_word' id='word_1_225' title='bbox 946 2993 1080 3047; x_wconf 87' lang='lat' dir='ltr'>intestato</span> <span class='ocrx_word' id='word_1_226' title='bbox 1096 2995 1155 3047; x_wconf 92' lang='lat' dir='ltr'>cui-</span> <span class='ocrx_word' id='word_1_227' title='bbox 1170 3010 1197 3048; x_wconf 79' lang='lat' dir='ltr'>so</span> 
     </span>
     <span class='ocr_line' id='line_1_32' title="bbox 179 3061 997 3132; baseline 0.006 -19"><span class='ocrx_word' id='word_1_228' title='bbox 179 3078 264 3129; x_wconf 86' lang='lat' dir='ltr'>quam</span> <span class='ocrx_word' id='word_1_229' title='bbox 282 3077 334 3114; x_wconf 90' lang='lat' dir='ltr'>nec</span> <span class='ocrx_word' id='word_1_230' title='bbox 353 3061 413 3116; x_wconf 88' lang='lat' dir='ltr'>eins</span> <span class='ocrx_word' id='word_1_231' title='bbox 431 3061 584 3118; x_wconf 88' lang='lat' dir='ltr'>intestatae</span> <span class='ocrx_word' id='word_1_232' title='bbox 602 3063 751 3132; x_wconf 84' lang='lat' dir='ltr'>quisquam</span> <span class='ocrx_word' id='word_1_233' title='bbox 769 3062 830 3117; x_wconf 89' lang='lat' dir='ltr'>iure</span> <span class='ocrx_word' id='word_1_234' title='bbox 848 3064 928 3117; x_wconf 89' lang='lat' dir='ltr'>heres</span> <span class='ocrx_word' id='word_1_235' title='bbox 947 3066 997 3118; x_wconf 89' lang='lat' dir='ltr'>est.</span> 
     </span>
    </p>
   </div>
   <div class='ocr_carea' id='block_1_5' title="bbox 118 3186 1154 3364">
    <p class='ocr_par' dir='ltr' id='par_1_10' title="bbox 118 3186 1154 3364">
     <span class='ocr_line' id='line_1_33' title="bbox 118 3186 1154 3275; baseline 0.006 -25"><span class='ocrx_word' id='word_1_236' title='bbox 118 3204 133 3251; x_wconf 94' lang='lat'>1</span> <span class='ocrx_word' id='word_1_237' title='bbox 211 3186 273 3263; x_wconf 81' lang='lat' dir='ltr'>Qui</span> <span class='ocrx_word' id='word_1_238' title='bbox 301 3189 340 3252; x_wconf 92' lang='lat' dir='ltr'>de</span> <span class='ocrx_word' id='word_1_239' title='bbox 365 3190 488 3275; x_wconf 82' lang='lat' dir='ltr'>virgine</span> <span class='ocrx_word' id='word_1_240' title='bbox 512 3191 665 3274; x_wconf 88' lang='lat' dir='ltr'>capienda</span> <span class='ocrx_word' id='word_1_241' title='bbox 688 3192 896 3274; x_wconf 89' lang='lat' dir='ltr'>scripserunt,</span> <span class='ocrx_word' id='word_1_242' title='bbox 924 3214 1060 3274; x_wconf 91' lang='lat' dir='ltr'>quorum</span> <span class='ocrx_word' id='word_1_243' title='bbox 1084 3192 1154 3256; x_wconf 92' lang='lat' dir='ltr'>dili-</span> 
     </span>
     <span class='ocr_line' id='line_1_34' title="bbox 144 3277 1153 3364; baseline 0.006 -25"><span class='ocrx_word' id='word_1_244' title='bbox 144 3277 329 3361; x_wconf 81' lang='lat' dir='ltr'>gentissime</span> <span class='ocrx_word' id='word_1_245' title='bbox 362 3280 489 3362; x_wconf 84' lang='lat' dir='ltr'>scripsit</span> <span class='ocrx_word' id='word_1_246' title='bbox 516 3279 641 3344; x_wconf 87' lang='lat' dir='ltr'>Labeo</span> <span class='ocrx_word' id='word_1_247' title='bbox 668 3278 863 3344; x_wconf 86' lang='lat' dir='ltr'>Antistius</span> <span class='ocrx_word' id='word_1_248' title='bbox 896 3281 947 3364; x_wconf 83' lang='lat' dir='ltr'>(de</span> <span class='ocrx_word' id='word_1_249' title='bbox 977 3282 1046 3345; x_wconf 78' lang='lat' dir='ltr'>iure</span> <span class='ocrx_word' id='word_1_250' title='bbox 1067 3288 1153 3362; x_wconf 81' lang='lat' dir='ltr'>pout.</span> 
     </span>
    </p>
   </div>
   <div class='ocr_carea' id='block_1_6' title="bbox 123 3470 1154 3618">
    <p class='ocr_par' dir='ltr' id='par_1_11' title="bbox 123 3470 1154 3618">
     <span class='ocr_line' id='line_1_35' title="bbox 213 3470 1154 3545; baseline 0.002 -20"><span class='ocrx_word' id='word_1_251' title='bbox 213 3477 230 3525; x_wconf 76' lang='lat'>4</span> <span class='ocrx_word' id='word_1_252' title='bbox 241 3470 409 3544; x_wconf 66' lang='lat' dir='ltr'>creatisl’jjl</span> <span class='ocrx_word' id='word_1_253' title='bbox 420 3472 594 3544; x_wconf 73' lang='lat' dir='ltr'>apposuitl’jl</span> <span class='ocrx_word' id='word_1_254' title='bbox 603 3476 635 3524; x_wconf 91' lang='lat'>10</span> <span class='ocrx_word' id='word_1_255' title='bbox 645 3471 797 3526; x_wconf 85' lang='lat' dir='ltr'>eburneola</span> <span class='ocrx_word' id='word_1_256' title='bbox 808 3474 861 3528; x_wconf 81' lang='lat' dir='ltr'>Oie.</span> <span class='ocrx_word' id='word_1_257' title='bbox 868 3473 878 3545; x_wconf 76' lang='grc' dir='ltr'>Η</span> <span class='ocrx_word' id='word_1_258' title='bbox 885 3479 918 3526; x_wconf 84' lang='grc'>13</span> <span class='ocrx_word' id='word_1_259' title='bbox 928 3489 983 3541; x_wconf 86' lang='lat' dir='ltr'>qno</span> <span class='ocrx_word' id='word_1_260' title='bbox 993 3472 1073 3526; x_wconf 92' lang='lat' dir='ltr'>illum</span> <span class='ocrx_word' id='word_1_261' title='bbox 1083 3475 1137 3529; x_wconf 78' lang='lat' dir='ltr'>(lie.</span> <span class='ocrx_word' id='word_1_262' title='bbox 1145 3475 1154 3543; x_wconf 73' lang='lat' dir='ltr'>ll</span> 
     </span>
     <span class='ocr_line' id='line_1_36' title="bbox 123 3542 1154 3618; baseline 0.004 -26"><span class='ocrx_word' id='word_1_263' title='bbox 123 3542 164 3587; x_wconf 72' lang='lat'>28</span> <span class='ocrx_word' id='word_1_264' title='bbox 179 3555 217 3594; x_wconf 82' lang='lat' dir='ltr'>ae</span> <span class='ocrx_word' id='word_1_265' title='bbox 235 3545 409 3612; x_wconf 80' lang='lat' dir='ltr'>cognomine</span> <span class='ocrx_word' id='word_1_266' title='bbox 425 3567 449 3602; x_wconf 85' lang='grc' dir='ltr'><strong>ω</strong></span> <span class='ocrx_word' id='word_1_267' title='bbox 468 3562 539 3602; x_wconf 77' lang='lat' dir='ltr'>corr,</span> <span class='ocrx_word' id='word_1_268' title='bbox 556 3544 655 3602; x_wconf 74' lang='lat' dir='ltr'>Carrio</span> <span class='ocrx_word' id='word_1_269' title='bbox 663 3543 719 3618; x_wconf 69' lang='grc'>1131</span> <span class='ocrx_word' id='word_1_270' title='bbox 738 3545 802 3612; x_wconf 84' lang='lat' dir='ltr'>fort.</span> <span class='ocrx_word' id='word_1_271' title='bbox 816 3544 905 3616; x_wconf 59' lang='lat' dir='ltr'>sitta</span> <span class='ocrx_word' id='word_1_272' title='bbox 920 3543 1117 3610; x_wconf 78' lang='lat' dir='ltr'>antiquisimus</span> <span class='ocrx_word' id='word_1_273' title='bbox 1131 3550 1154 3596; x_wconf 84' lang='lat' dir='ltr'>B</span> 
     </span>
    </p>
   </div>
   <div class='ocr_carea' id='block_1_7' title="bbox 0 0 1242 3848">
    <p class='ocr_par' dir='ltr' id='par_1_12' title="bbox 0 0 1242 3848">
     <span class='ocr_line' id='line_1_37' title="bbox 0 0 1242 3848; baseline 0 0"><span class='ocrx_word' id='word_1_274' title='bbox 0 0 1242 3848; x_wconf 95' lang='lat' dir='ltr'> </span> 
     </span>
    </p>
   </div>
  </div>
 </body>
</html>
