2460 3848
157 175 200 241 32
454 174 632 230 CAPITVLA
651 174 717 231 LIB.
737 173 796 230 XV.
817 174 881 229 XVI

211 338 288 404 XXI
313 338 407 416 Quod
429 361 448 403 a
470 339 574 422 poetis
597 337 683 403 Iovis
706 339 766 402 filii
790 339 1031 423 prudentissimi
1049 338 1162 403 huma-

144 430 341 512 nissimique,
357 427 502 511 Neptuni
521 432 628 492 autem
646 429 838 492 ferocissimi
857 432 889 493 et
902 428 1161 493 inhumanissimi

148 519 471 670 tradpffirffitoria
490 605 529 669 de
544 604 695 689 Sertori0,
714 607 844 691 egregio
864 607 952 688 duce,
972 606 1074 688 deque
1090 609 1163 669 astu

145 697 213 760 eius
233 695 528 777 commenticiisque
548 695 791 778 simulamentis,
815 695 931 778 quibus
951 696 992 758 ad
1009 696 1164 759 barbaros

145 785 264 849 milites
288 780 497 849 continendos
521 784 802 867 conciliandosque
826 784 888 848 sibi
911 785 1070 848 utebatur.

212 872 321 937 XXIII
352 873 402 936 De
425 873 583 937 aetatibus
606 873 834 937 historicorum
857 873 1031 955 nobilium,
1056 871 1167 936 Hella-

148 961 221 1045 nici,
244 961 411 1044 Herodoti,
434 960 639 1045 Thucydidis.

212 1049 321 1115 XXIV
344 1050 428 1127 Quid
447 1049 619 1115 Vulcacius
644 1048 806 1136 Sedigitus
830 1052 865 1114 in
887 1051 981 1133 libro,
1006 1072 1104 1134 quem
1128 1052 1167 1115 de

146 1142 250 1225 poetis
274 1140 411 1224 scripsit,
435 1141 474 1204 de
497 1141 628 1205 comicis
651 1140 775 1204 Latinis
799 1140 955 1205 iudicarit.

212 1228 306 1294 XXV
336 1229 386 1293 De
413 1229 519 1293 verbis
547 1229 740 1312 quibusdam
767 1231 871 1311 novis,
900 1250 981 1312 quae
1004 1229 1040 1292 in
1064 1227 1166 1293 Gnaei

148 1318 228 1383 Mati
251 1318 447 1383 mimiambis
472 1319 713 1382 offenderamus.

211 1406 323 1472 XXVI
358 1406 482 1483 Quibus
513 1407 620 1471 verbis
649 1405 840 1471 Aristoteles
873 1406 1087 1491 philosophus
1116 1408 1168 1470 de-

145 1498 265 1561 finierit
284 1497 523 1581 syllogismum
543 1497 675 1579 eiusque
692 1497 887 1560 definitionis
902 1498 1167 1580 interpretamen-

146 1590 216 1650 tum
238 1585 345 1649 verbis
368 1585 492 1649 Latinis
515 1585 646 1649 factum.

212 1672 338 1738 XXVII
370 1672 455 1749 Quid
485 1674 549 1737 sint
579 1673 722 1738 ‘comitia
745 1674 869 1755 calata',
903 1674 982 1757 quid
1011 1673 1166 1756 ‘curiata',

148 1763 226 1847 quid
244 1762 455 1845 ‘centuriata',
473 1764 551 1846 quid
571 1762 724 1847 ‘tributa’,
744 1764 822 1846 quid
840 1763 1053 1846 ‘concilium'3
1071 1767 1169 1845 atque

147 1852 228 1916 inibi
252 1852 408 1934 quaedam
432 1852 673 1917 eiusdemmodi.

213 1939 355 2003 XXVHI
378 1939 471 2016 Quod
490 1943 607 2005 erravit
626 1939 794 2006 Cornelius
808 1940 928 2025 Nepos,
948 1962 1022 2004 cum
1041 1941 1170 2024 scripsit

148 2028 334 2095 Ciceronem
366 2033 430 2094 tres
464 2035 496 2095 et
527 2031 645 2116 viginti
676 2052 777 2094 annos
811 2035 923 2094 natum
952 2051 1081 2093 oausam
1110 2051 1169 2113 pro

149 2117 247 2183 Sexto
271 2117 389 2183 Roscio
414 2119 542 2183 dixisse.

213 2206 322 2271 XXIX
347 2207 441 2285 Quali
464 2209 568 2294 figura
592 2209 746 2272 orationis
771 2212 804 2272 et
823 2229 920 2291 quam
939 2229 1023 2271 nova
1041 2206 1076 2270 L.
1091 2206 1167 2271 Piso

33 2330 37 2337 ·
147 2299 311 2361 annalium
336 2298 473 2381 scriptor
496 2319 573 2362 usus
598 2299 647 2361 sit.

213 2385 306 2451 XXX
324 2384 527 2467 Vehiculum,
544 2387 631 2469 quod
646 2386 860 2471 ‘petorritum'
876 2387 1066 2469 appellatur,
1081 2386 1168 2449 cuia·

147 2476 190 2539 tis
212 2476 343 2559 linguae
366 2476 560 2540 vocabulum
584 2476 638 2556 sit,
663 2473 802 2539 Graecae
825 2497 866 2538 an
891 2472 1041 2538 Gallicae.

214 2562 322 2627 XXXI
364 2562 451 2639 Quae
488 2564 584 2627 verba
616 2566 794 2649 legaverint
822 2564 918 2628 Rodii
951 2564 991 2627 ad
1023 2563 1168 2627 hostium

148 2654 261 2717 ducem
279 2652 489 2735 Demetrium,
513 2673 586 2716 cum
610 2653 650 2716 ab
674 2676 712 2717 eo
737 2654 967 2735 obsiderentur,
991 2674 1089 2736 super
1113 2653 1171 2716 illa

148 2742 269 2806 incluta
292 2739 391 2825 Ialysi
413 2741 564 2827 imagine.

279 2956 517 3030 CAPITVLA
546 2959 676 3032 LIBRI
705 2959 845 3031 sexul
878 2956 1045 3030 cuelin

215 3095 231 3160 I
266 3095 374 3161 Verba
406 3096 534 3162 Musoni
566 3098 754 3182 philosophi
788 3096 908 3162 Graeca
940 3099 1038 3183 digna
1074 3102 1171 3181 atque

149 3187 242 3250 utilia
262 3187 366 3250 audiri
385 3187 624 3274 observarique3
648 3188 855 3271 eiusdemque
874 3187 1024 3251 utilitatis
1046 3193 1171 3251 senten-

149 3276 195 3428 pia
217 3274 296 3428 {llll
317 3273 437 3340 Catone
460 3276 571 3341 multis
595 3281 668 3340 ante
691 3278 783 3341 annis
802 3275 999 3341 Numantiae
1023 3277 1064 3340 ad
1084 3277 1172 3359 equi-

166 3387 198 3428 es
255 3385 315 3428 ca.

216 3451 248 3516 Π
279 3452 466 3519 Cuiusmodi
494 3455 537 3518 sit
563 3456 616 3519 lex
644 3457 730 3537 apud
753 3455 936 3519 dialecticos
960 3454 1173 3537 percontandi

82 3539 398 3634 hdz'sserendiqum
421 3549 456 3611 et
479 3566 564 3631 quae
587 3544 633 3612 sit
655 3545 725 3611 eius
744 3544 830 3631 legis
849 3543 1065 3628 reprehensio.
