2460 3848
124 152 168 215 24
403 203 404 207 ,
479 149 658 206 CAPITVLA
694 150 760 206 LIB.
779 150 805 203 X

128 316 217 398 quod
249 319 328 398 aput
355 313 494 379 Mausoli
523 316 705 398 sepulcrum
734 337 752 379 a
775 312 992 400 {scriptoribus
1021 314 1154 378 inclutis

129 405 329 468 decertatum
353 407 409 467 est.

197 491 276 556 XIX
312 491 389 556 Non
425 493 557 578 purgari
592 514 696 576 neque
728 493 828 557 levari
860 496 1041 576 peccatum,
1079 513 1151 556 oum

128 582 352 666 praetenditur
370 586 585 666 peccatorum,
609 603 690 664 quae
709 583 764 645 alii
784 603 912 666 quoque
930 585 1154 665 peccaverunt,

129 672 324 754 similitudo;
352 675 448 754 atque
476 671 557 735 inibi
586 671 683 735 verba
707 693 746 734 ex
771 672 915 735 oratione
938 693 1034 754 super
1057 692 1094 734 ea
1117 692 1154 734 re

128 759 367 824 Demosthenis.

199 847 261 912 XX
294 847 378 924 Quid
406 849 448 912 stt
471 847 631 934 <rogatio',
658 849 736 932 quid
760 849 846 930 ‘lox',
874 849 952 932 quid
975 848 1153 932 ‘plebissci-

128 939 223 1022 tum',
251 939 330 1022 quid
358 938 601 1023 ‘privilegium'3
630 941 663 1001 et
690 941 846 1020 quantum
875 939 936 1001 ista
961 938 1069 1001 omnia
1093 936 1155 1001 dif-

127 1029 242 1092 ferant.
960 1074 963 1081 .

196 1114 273 1179 XXI
297 1114 400 1191 Quam
426 1116 467 1180 ob
487 1137 616 1179 causam
634 1114 677 1179 M.
693 1113 804 1179 Cicero
823 1115 874 1179 his
894 1116 1026 1179 omnino
1045 1115 1154 1180 verbis

132 1204 328 1271 ‘novissime'
349 1209 381 1269 et
400 1204 617 1269 ‘novissimus'
636 1204 915 1268 observantissime
929 1205 1019 1287 <uti>
1033 1204 1154 1269 vitarit.

198 1293 292 1358 XXII
324 1293 429 1358 Locus
459 1298 627 1377 exemptus
656 1316 695 1358 ex
722 1293 868 1358 Platonis
895 1293 993 1377 libro,
1022 1295 1077 1377 qui
1105 1295 1154 1358 in·

130 1384 284 1448 scribitur
298 1382 442 1469 Gorgias,
462 1384 500 1447 de
518 1384 618 1447 falsae
637 1382 862 1467 philosophiae
878 1382 1014 1466 probris,
1033 1382 1155 1466 quibus

129 1472 343 1557 philosophos
374 1476 493 1536 temere
519 1473 697 1555 incessunt,
731 1473 787 1555 qui
814 1472 1030 1536 emolumenta
1058 1494 1155 1536 verae

128 1561 356 1646 philosophiae
378 1562 537 1646 ignorant.

197 1649 308 1714 XXIII
334 1648 443 1713 Verba
467 1672 506 1713 ex
531 1651 675 1713 oratione
698 1648 740 1713 M.
762 1647 892 1714 Catonis
917 1650 956 1713 de
978 1650 1152 1714 mulierum

128 1744 276 1803 veterum
299 1739 388 1802 rictu
411 1743 443 1802 et
466 1738 623 1821 moribus3
647 1742 744 1821 atque
766 1739 856 1821 inibi,
880 1739 967 1822 quod
984 1739 1082 1802 frierit
1100 1740 1154 1803 ius

134 1830 250 1892 marito
274 1828 307 1891 in
332 1828 489 1892 adulterio
512 1849 645 1891 uxorem
670 1826 899 1911 deprehensam
922 1848 1044 1891 necare.

198 1914 307 1980 XXIV
341 1915 413 1980 ‘Die
440 1916 591 2000 pristini',
619 1915 682 1980 ‘dio
711 1917 851 1983 crastini’
882 1920 914 1980 et
942 1915 1005 1980 ‘die
1031 1918 1152 2000 quarti’

125 2010 158 2070 et
188 2005 250 2070 ‘die
274 2005 401 2089 quinti',
424 2007 481 2089 qui
504 2006 682 2091 elegantius
705 2006 807 2069 locuti
830 2007 908 2088 sint,
934 2006 1061 2089 dixisse,
1084 2028 1152 2070 non

124 2099 161 2158 ut
191 2117 227 2159 ea
249 2116 336 2158 nuno
357 2096 455 2180 volgo
480 2096 637 2159 dicuntur.

197 2182 291 2248 XXV
322 2183 473 2248 Telomm
502 2187 534 2248 et
560 2185 739 2249 iaculorum
767 2184 1024 2269 gladiorumque,
1053 2187 1154 2268 atque

127 2274 209 2336 inibi
227 2274 357 2337 navium
377 2295 506 2357 quoque
524 2273 690 2357 vocabula,
715 2295 796 2356 quae
816 2272 934 2355 scripta
952 2273 986 2335 in
1005 2276 1152 2337 veterum

128 2362 220 2426 libris
243 2364 455 2445 reperiuntur.

194 2449 303 2514 XXVI
329 2449 447 2515 Inscite
471 2451 511 2514 ab
531 2448 644 2515 Asinio
663 2449 812 2514 Pollione
830 2449 1061 2532 reprehensum
1081 2447 1152 2514 Sal·

125 2541 274 2622 lustium,
303 2539 389 2622 quod
416 2541 710 2603 transfretationem
740 2539 997 2624 ‘transgressum'
1023 2538 1153 2622 dixerit,

127 2633 160 2692 et
184 2629 424 2714 ‘transgressos'
450 2629 506 2711 qui
528 2629 797 2693 transfretassent.

194 2715 321 2781 XXVII
349 2716 495 2781 Historia
519 2717 557 2780 de
580 2718 702 2800 populo
726 2716 874 2781 Romano
898 2717 1001 2800 deque
1024 2719 1150 2801 populo

124 2803 276 2889 Poenico,
301 2806 387 2890 quod
410 2807 480 2889 pari
498 2807 732 2890 propemodum
751 2807 862 2892 vigore
880 2807 1001 2870 fuerint
1020 2807 1148 2871 aemuli.

190 2893 333 2959 XXVIII
367 2894 417 2958 De
450 2895 603 2958 aetatium
635 2895 755 2959 finibus
787 2896 956 2979 pueritiae,
989 2896 1151 2980 iuventae,

126 2988 289 3065 senectae,
312 3006 351 3047 ex
375 2982 553 3047 Tuberonis
577 2983 712 3049 historia
735 2988 908 3068 sumptum.

189 3072 298 3136 XXIX
312 3071 406 3148 Quod
419 3074 577 3156 particula
592 3072 712 3156 ‘atque'
726 3095 793 3138 non
805 3073 1007 3157 complexiva
1016 3077 1147 3138 tantum

125 3163 177 3244 sit,
201 3163 257 3226 sed
279 3162 345 3226 rim
368 3161 486 3226 habeat
508 3163 689 3246 plusculam
712 3164 906 3246 variamque.
