2460 3848
385 155 565 212 CAPITVLA
583 157 649 212 LIB.
668 156 741 216 VIII.
759 157 798 211 IX
1055 157 1096 222 21

153 318 200 384 ΧΙ
244 319 364 397 Quam·
382 322 497 386 festive
531 322 733 407 responderit
768 321 974 405 Xanthippae
1009 322 1103 385 uxori

86 407 235 473 Socrates
253 411 384 494 petenti,
407 414 444 474 ut
461 433 524 495 perv
536 409 694 494 Dionysia
712 411 851 497 largiore
869 414 1000 496 sumptu
1019 411 1102 474 oeni-

84 502 199 563 tarent.
1083 519 1085 525 ’

151 585 216 651 XII
239 587 324 664 Quid
340 589 500 674 significet
513 589 548 652 in
561 592 705 653 veterum
718 588 810 653 libris
825 589 980 673 scriptum
996 588 1102 674 ‘pleri-

84 698 147 760 que
162 678 300 761 omnes'3
317 683 349 741 et
363 679 450 761 quod
464 699 501 742 ea
514 677 612 742 verba
625 681 756 763 accepta
770 701 789 742 a
804 675 931 743 Graecis
945 679 1101 743 videntur.

151 764 230 830 XIII
264 765 466 849 ‘Eupsones',
496 767 584 851 quod
609 766 756 831 homines
784 764 857 831 Afri
885 768 1008 849 dicum,
1035 789 1102 832 non

83 875 153 919 esse
176 855 310 919 verbum
333 855 523 939 Poenicum,
547 857 603 920 sed
626 853 790 920 Graecum.

151 941 229 1008 XIV
257 944 470 1029 Lepidissima
489 943 655 1010 altercatio
673 944 825 1008 Favorini
843 944 1030 1029 philosophi
1048 945 1101 1009 ad-

82 1054 195 1097 versus
234 1034 393 1116 quendam
425 1035 687 1119 intempestivum
720 1033 759 1097 de
791 1034 1002 1119 ambiguitate
1033 1056 1101 1098 ver·

84 1121 198 1186 borum
236 1123 458 1206 disserentem3
495 1128 600 1206 atque.
628 1123 709 1187 inibi
743 1123 840 1186 verba
873 1124 1028 1206 quaedam
1061 1145 1101 1187 ex

80 1209 207 1276 Naevio
231 1215 328 1296 poeta
347 1215 380 1276 et
400 1210 454 1275 Cn.
471 1209 574 1276 Gellio
592 1233 660 1275 non
676 1212 793 1275 usitate
813 1210 983 1295 collocata3
1006 1216 1101 1295 atque

81 1299 202 1366 ibidem
231 1323 250 1364 a
271 1299 307 1363 P.
321 1298 455 1386 Nigidio
484 1301 624 1387 origines
652 1299 883 1365 vocabulorum
909 1299 1100 1384 exploratae.

149 1387 212 1453 XV
245 1388 368 1466 Quibus
394 1390 498 1454 modis
521 1391 753 1475 ignominiatus
776 1393 995 1472 tractatusque
1018 1391 1101 1453 sita

82 1475 117 1542 G.
137 1476 270 1543 Caesare
293 1476 448 1542 Laberius
471 1483 581 1563 poeta3
604 1482 701 1561 atque
723 1479 805 1542 inibi
828 1479 969 1563 appositi
991 1500 1101 1542 versus

82 1589 181 1651 snper
204 1569 314 1632 eadem
337 1591 372 1631 re
395 1568 537 1632 eiusdem
559 1567 696 1633 Laberii.

311 1781 458 1887 {CAPIT
466 1779 570 1887 vna}
586 1785 717 1858 LIBRI
744 1785 866 1858 NONI

149 1920 165 1986 I
203 1922 419 1999 Quamobrem
452 1923 590 2000 Quintus
624 1923 776 1989 Claudius
807 1924 1035 2010 Quadrigarius
1066 1925 1101 1988 in

79 2013 320 2077 undevicesimo
357 2011 465 2076 annali
502 2015 665 2097 scripserit
701 2014 852 2077 rectiores
887 2014 1101 2096 certioresque

79 2103 165 2166 ictus
194 2102 277 2184 fieri,
306 2103 334 2165 si
363 2123 490 2166 sursum
520 2102 597 2185 quid
624 2103 735 2166 mittas
764 2124 859 2184 quam
888 2104 915 2165 si
943 2104 1100 2166 deorsum.

149 2187 182 2253 II
215 2189 371 2267 Qualibus
404 2191 510 2255 verbis
540 2193 661 2254 notarit
690 2190 835 2254 Herodes
863 2189 991 2255 Atticus
1018 2189 1100 2255 falso

81 2280 266 2363 quempiam
295 2279 383 2343 cultu
412 2281 596 2362 amictuque
621 2301 740 2343 nomen
762 2279 974 2363 habitumque
997 2279 1101 2364 philo'-

81 2366 179 2452 sophi
203 2370 438 2432 ementientem.

147 2455 197 2521 ΠΙ
228 2457 379 2541 Epistula
405 2456 550 2541 Philippi
579 2457 664 2542 regis
693 2457 733 2521 ad
760 2456 968 2522 Aristotelem
997 2457 1100 2543 philo-

80 2545 221 2630 sophum
247 2569 344 2631 super
366 2544 550 2610 Alexandro
574 2567 683 2610 recens
706 2551 792 2610 nato.

148 2633 195 2698 IV
226 2633 288 2700 De¹
304 2635 512 2700 barbararum
537 2637 681 2722 gentium
705 2636 899 2722 prodigiosis
923 2637 1098 2720 miraculis3

80 2725 184 2808 deque
216 2724 293 2788 diris
322 2730 354 2789 et
381 2726 525 2789 exitiosis
554 2725 863 2808 effascinationibus3
895 2733 992 2810 atque
1019 2726 1100 2789 inibi

80 2814 120 2877 de
143 2813 272 2877 feminis
295 2817 427 2898 repente
450 2815 551 2878 versis
574 2815 610 2877 in
632 2836 744 2878 mares.
826 2821 827 2824 ’

148 2899 180 2965 V
208 2901 362 2967 Diversae
385 2903 544 2968 nobilium
568 2902 836 2987 philosophorum
862 2904 1038 2967 sententiae
1061 2903 1099 2966 de

80 3012 197 3077 genere
220 3013 258 3056 ac
280 2996 394 3057 natura
417 2992 608 3075 voluptatis3
631 2993 791 3075 verbaque
812 2991 973 3056 Hieroclis
996 2991 1100 3076 philo-

82 3079 187 3164 sophi,
212 3081 329 3162 quibus
353 3083 480 3146 decreta
502 3080 637 3165 Epicuri
659 3083 833 3146 insectatus
856 3085 913 3145 est.

147 3166 195 3232 Vl
227 3167 385 3253 Verbum,
413 3170 500 3255 quod
527 3173 576 3235 est
602 3171 685 3254 (ab)
710 3171 794 3256 ‘ago’
819 3169 1100 3253 frequentativum,

80 3259 115 3321 in
143 3257 268 3341 syllaba
294 3260 399 3342 prima
430 3280 569 3342 quonam
598 3261 641 3323 sit
663 3259 794 3323 modulo
817 3257 1099 3343 pronuntiandum.

146 3341 210 3410 VII
233 3345 283 3410 De
302 3349 511 3412 conversione
529 3348 682 3412 foliorum
700 3349 734 3412 in
749 3348 863 3412 arbore
877 3348 948 3412 olea
961 3345 1108 3410 brumali

80 3439 114 3501 et
135 3435 299 3588 solpqqtiah
322 3437 386 3521 die;
409 3437 512 3521 deque
534 3437 655 3503 fidibus
676 3438 715 3502 id
733 3437 902 3521 temporis
917 3436 999 3496 ‘retu
1012 3431 1132 3488 exiens

80 3545 179 3588 sonan
193 3547 204 3587 1
231 3547 273 3589 us.
974 3575 976 3578 .
