2460 3848
577 195 637 248 117

579 409 643 475 VII

104 533 144 585 De
164 531 257 586 officio
276 548 344 602 erga
361 535 457 601 patres
475 532 640 600 liberorum3
661 533 751 602 deque
770 549 804 586 ea
822 549 852 586 re
871 549 904 586 ex
922 531 1120 601 philosophiae

139 602 233 668 libris,
261 604 291 656 in
319 603 420 672 quibus
449 605 585 672 scriptum
608 605 824 673 quaesitumque
847 606 903 670 est,
932 619 968 656 an
991 601 1120 656 omnibus

139 674 229 742 patris
248 675 332 728 iussis
351 674 562 744 obsequendum
581 675 625 728 sit.

77 819 89 860 ⁵
171 800 288 877 Quaeri
319 803 451 866 solitum
481 806 531 866 est
558 802 593 864 in
619 801 888 884 philosophorum
917 801 1120 883 disceptatio·
1150 815 1163 862 1

104 889 208 972 nibus,
231 913 272 954 an
295 913 421 974 semper
443 891 541 973 inque
560 889 709 953 omnibus
728 891 822 954 iussis
841 891 927 973 patri
944 889 1121 973 parendum

105 981 154 1043 sit.
196 977 299 1062 Super
322 1001 359 1043 ea
381 1001 416 1043 re
435 976 570 1043 Graeci
592 979 810 1060 nostrique,
833 980 889 1060 qui
910 979 953 1042 de
973 978 1120 1042 officiis
1149 992 1164 1039 2

104 1069 312 1151 scripserunt,
337 1072 402 1132 tres
426 1069 600 1131 sententias
624 1088 706 1148 esse,
729 1088 810 1149 quae
834 1067 1024 1149 spectandae
1048 1087 1121 1129 con-

103 1157 353 1237 siderandaeque
372 1157 446 1239 sint,
464 1156 664 1218 tradiderunt
683 1176 799 1237 easque
819 1154 1027 1218 subtilissime
1042 1154 1121 1217 diiu-

63 1263 89 1303 10
103 1245 259 1309 dicanmt.
300 1244 421 1306 Earum
445 1266 509 1307 una
532 1247 593 1307 est:
617 1244 735 1325 omnia,
758 1264 839 1325 quae
862 1245 953 1325 pater
976 1243 1122 1326 imperat,
1150 1257 1166 1305 e

103 1334 294 1416 parendum3
331 1332 432 1395 altera
469 1336 529 1395 est:
567 1333 602 1394 in
638 1331 830 1413 quibusdam
862 1331 1052 1414 parendum,
1088 1331 1123 1393 in
1150 1346 1166 1392 4

105 1420 297 1501 quibusdam
315 1440 383 1482 non
397 1419 650 1503 obsequendum,
670 1421 765 1485 tertia
779 1422 840 1484 est:
859 1419 942 1483 nihil
955 1439 1121 1482 necessum
1150 1433 1166 1481 5

105 1529 174 1571 esse
197 1509 283 1590 patri
307 1507 441 1589 obsequi
465 1513 497 1572 et
519 1530 639 1592 parere.

171 1594 260 1660 Haec
296 1597 454 1661 sententia
491 1598 644 1680 quoniam
680 1598 821 1680 primore
858 1600 989 1680 aspectu
1025 1595 1121 1658 nimis
1151 1610 1166 1660 6

64 1703 89 1742 15
104 1685 234 1748 infamis
257 1689 319 1767 eet,
345 1707 440 1769 super
463 1708 500 1750 aa
523 1687 626 1770 prius,
650 1708 732 1770 quae
755 1686 840 1749 dicta
864 1690 948 1768 sunt,
972 1686 1121 1748 dicemus.

105 1771 184 1837 ‘Aut
206 1775 302 1838 recte'
327 1774 479 1858 inquiunt
503 1776 652 1859 ‘imperat
674 1779 766 1858 pater
789 1779 844 1838 aut
867 1795 1043 1859 perperam.
1088 1770 1123 1835 Si
1152 1789 1166 1836 7

102 1866 189 1926 recte
208 1863 354 1946 imperat,
376 1885 451 1946 non,
475 1865 550 1946 quia
568 1866 715 1947 imperat,
737 1864 924 1947 parendum,
948 1863 1003 1926 sed
1022 1883 1122 1944 quon-

104 1953 168 2015 iam
196 1952 229 2014 id
256 1953 327 2015 fieri
354 1952 404 2015 ius
428 1957 489 2035 est,
516 1953 699 2017 faciendum
722 1957 783 2035 est3
812 1954 840 2015 si
863 1973 1045 2035 perperam,
1070 1972 1123 2013 ne·

105 2060 265 2121 quaquam
295 2041 417 2103 scilicet
444 2041 640 2122 faciendum,
669 2041 755 2122 quod
782 2041 853 2102 fieri
880 2061 947 2102 non
973 2039 1121 2122 oportet?

64 2145 90 2182 2ο
103 2126 228 2189 Deinde
265 2128 310 2189 ita
348 2128 556 2191 concludunt:
594 2128 782 2209 ‘numquam
819 2131 868 2190 est
904 2128 1004 2211 igitur
1038 2126 1123 2208 patri
1151 2142 1167 2190 8

105 2213 291 2295 parendum,
315 2236 396 2296 quae
419 2215 576 2297 imperat’.
620 2213 675 2278 Set
693 2235 797 2296 neque
816 2216 912 2278 istam
931 2215 1122 2278 sententiam
1152 2231 1167 2278 9

105 2300 236 2383 probari
254 2303 436 2384 accepimus
452 2338 492 2348 —
508 2303 669 2387 argutiola
688 2303 808 2385 quippe
827 2303 914 2383 haec,
933 2303 1028 2366 sicuti
1047 2323 1123 2365 mox

106 2389 319 2471 ostendemus,
342 2390 459 2453 frivola
481 2396 513 2454 et
536 2392 640 2454 inanis
664 2394 713 2454 est
733 2427 786 2472 —,
808 2412 912 2472 neque
931 2394 1038 2454 autem
1057 2391 1167 2473 illa,10

105 2498 202 2559 quam
234 2479 340 2561 primo
373 2479 407 2541 in
438 2480 511 2542 loco
545 2480 698 2561 diximus,
729 2501 804 2542 vera
825 2484 866 2545 ,ct
892 2479 996 2563 proba
1022 2479 1123 2543 videri

64 2585 89 2624 25
104 2571 213 2649 potest
233 2567 341 2630 omnia
359 2589 436 2646 csse,
455 2589 537 2650 quae
553 2572 644 2651 pater
657 2569 796 2650 iusserit,
814 2569 1000 2652 parendum.
1038 2567 1122 2644 Quid
1134 2584 1165 2631 11

104 2655 213 2719 enim?
237 2657 264 2719 ei
287 2657 503 2740 proditionem
527 2658 658 2740 patriae,
682 2658 710 2720 si
732 2659 844 2720 matris
867 2678 988 2740 necem,
1012 2659 1039 2722 si
1060 2658 1123 2720 alia

105 2744 261 2826 quaedam
294 2745 466 2828 imperabit
497 2747 605 2829 turpia
635 2750 691 2811 aut
717 2745 839 2829 impia?
889 2744 996 2809 Media
1023 2747 1123 2831 igitur
1134 2761 1166 2809 12

104 2835 263 2897 sententia
287 2836 410 2917 optima
428 2838 524 2916 atque
543 2835 706 2898 tutissima
724 2835 793 2898 risa
812 2838 860 2898 est
879 2835 1035 2916 quaedam
1054 2856 1122 2898 esse

176 3030 262 3094 tsqq.
282 3025 390 3079 Muson.
407 3026 483 3094 apud
498 3024 573 3079 Stob.
589 3024 615 3078 fl.
633 3031 674 3094 79,
690 3031 722 3078 51
739 3025 788 3095 (ΙΠ
801 3044 828 3094 p.
845 3030 887 3094 90,
899 3031 931 3078 21
942 3025 991 3096 Μ.)
1005 3026 1121 3080 Aristot.

104 3095 160 3149 eth.
175 3095 283 3150 Nieom.
299 3095 338 3148 IX
353 3102 368 3148 2
382 3115 409 3164 p.
427 3102 504 3163 1164,
520 3102 553 3148 22

176 3277 191 3324 5
210 3271 382 3340 philosoficis
396 3272 464 3343 12Ηὸ
483 3272 573 3341 patris
588 3273 627 3344 ΡΗ
638 3278 671 3326 10
691 3274 821 3327 omnibus
836 3273 872 3345 ςΗ
883 3279 914 3326 11
934 3273 1006 3345 12]2
1021 3291 1070 3328 om.
1083 3294 1104 3326 ω
1114 3276 1123 3343 (t

105 3346 138 3393 12
153 3358 266 3395 necesse
279 3347 331 3394 RV
344 3345 353 3410 ΙΙ
368 3347 401 3394 14
419 3343 510 3411 primo
525 3345 695 3412 r(a)espectu
709 3350 759 3397 BV
772 3346 782 3413 t!
796 3350 830 3397 20
845 3345 934 3413 igitur
948 3347 990 3397 eet
1003 3345 1066 3411 fort.
1081 3349 1104 3395 A
1114 3347 1122 3412 u

104 3416 138 3464 22
166 3411 381 3466 ARGVTIORA
403 3418 426 3464 A
445 3416 454 3482 ΙΙ
472 3419 505 3466 23
534 3413 732 3468 TENDEMVS
760 3419 783 3465 A
801 3416 810 3482 ΙΙ
829 3421 863 3468 24
890 3415 1051 3468 induximus
1074 3417 1132 3476 Ed

103 3482 339 3606 disdiffffiffl
357 3489 380 3535 A
403 3484 556 3552 imperauit
576 3505 597 3544 ,ω
614 3487 619 3554 Ι
634 3484 877 3538 Avrnmnmm
895 3487 995 3549 Aqua
1014 3478 1148 3534 max.
