2460 3848
398 170 577 226 CAPITVLA
595 171 661 227 LIB.
681 171 727 226 IV.
746 171 772 225 V
1052 172 1092 235 15

63 356 65 360 ’
146 333 258 398 XVIII
289 334 338 398 De
361 333 396 399 P.
415 332 569 399 Africano
597 337 762 419 superiore
790 339 920 419 sumpta
942 335 1097 419 quaedam

78 448 120 488 ex
144 423 312 488 annalibus
335 429 515 489 memoratu
539 424 736 509 dignissima.

148 511 226 576 XIX
262 512 346 589 Quid
372 513 415 577 M.
439 512 542 577 Varro
576 515 610 576 in
641 513 828 598 logistorioo
861 514 1024 596 seripserit
1057 513 1095 577 de

78 602 275 666 moderando
298 603 386 666 vietu
409 625 583 685 puerorum
607 604 785 685 inpubium.

147 690 207 754 XX
229 689 343 756 Notati
358 715 376 755 a
391 692 587 775 censoribus,
607 693 663 774 qui
677 691 881 755 audientibus
895 693 935 756 iis
951 693 1096 756 dixerant

78 781 150 844 ioea
174 780 329 864 quaedam
353 780 636 864 intempestiviter3
660 803 697 845 ao
721 782 759 844 de
783 781 851 844 eius
874 802 1001 864 quoque
1019 784 1096 844 nota

77 869 302 954 deliberatum,
327 871 384 952 qui
407 874 540 934 steterat
563 871 647 933 forte
670 870 755 953 apud
779 891 833 933 eos
858 869 1095 934 oscitabundus

291 1085 530 1159 CAPITVLA
558 1086 688 1158 LIBRI
716 1085 884 1169 QVINTI

144 1224 160 1289 I
184 1225 278 1301 Quod
295 1223 464 1289 Musonius
488 1224 702 1308 philosophus
723 1224 929 1307 reprehendit
947 1225 1095 1308 inproba-

75 1316 189 1397 vitque
215 1314 341 1377 iaudari
366 1313 596 1397 philosophum
621 1312 828 1377 disserentem
852 1337 870 1376 a
894 1314 1096 1377 vociferanti-

75 1405 138 1467 bus
162 1407 195 1465 et
218 1403 252 1465 in
275 1402 435 1466 laudando
460 1402 681 1488 gestientibus.

145 1489 177 1554 Π
215 1491 318 1574 Super
350 1512 431 1573 equo
465 1490 642 1555 Alexandri
673 1492 773 1576 regis,
806 1492 863 1574 qui
893 1491 1096 1575 Bucephalas

75 1579 258 1664 appellatus
282 1584 340 1646 est.

143 1667 193 1733 III
217 1669 305 1746 Quae
327 1692 422 1735 eausa
442 1671 591 1754 quodque
610 1671 739 1734 initium
758 1671 857 1734 fuisse
877 1670 1002 1734 dicatur
1019 1669 1095 1733 Pro-

75 1763 209 1845 tagorae
233 1758 274 1824 ad
295 1759 521 1843 philosophiae
544 1759 667 1823 litteras
690 1759 836 1824 adeundi.

142 1848 190 1913 IV
215 1849 264 1913 De
287 1849 385 1913 verbo
409 1850 636 1932 duovicesimO,
663 1849 749 1932 quod
772 1849 869 1934 volgo
893 1848 1095 1934 incognitum

78 1943 140 2023 est,
169 1962 187 2002 a
215 1939 293 2002 viris
322 1939 424 2003 dootis
452 1940 664 2002 multifariam
687 1938 835 2001 inlibris
859 1938 1015 2020 seriptum
1039 1942 1094 2001 est.

144 2027 175 2091 V
201 2026 389 2090 Cuiusmodi
408 2029 478 2091 iooo
500 2027 703 2092 incavillatus
719 2027 761 2090 sit
774 2025 973 2090 Antiochum
987 2048 1095 2110 regem

73 2116 204 2178 Poenus
227 2115 401 2178 Hannibal.

144 2202 192 2265 VI
223 2202 273 2265 De
298 2204 424 2266 coronis
448 2201 658 2286 milltaribus3
682 2225 763 2285 quae
787 2204 829 2266 sit
853 2225 961 2267 earum
984 2203 1095 2265 trium-

77 2290 197 2373 phalis,
226 2312 307 2373 quae
336 2291 559 2372 obsidionalis,
593 2312 674 2373 quae
702 2291 816 2374 ciuica,
845 2314 927 2374 quae
954 2291 1094 2375 muralis,

78 2401 160 2463 quae
175 2380 356 2462 castrensis,
370 2401 451 2462 quae
465 2379 597 2463 navalis,
613 2402 694 2462 quae
704 2380 815 2463 ovalis,
830 2402 911 2463 quae
922 2381 1094 2466 oleaginea.

145 2467 208 2531 VH
228 2468 409 2532 ‘Personae'
430 2468 622 2533 vocabulum
637 2491 733 2552 quam
748 2468 852 2552 lepide
866 2469 1094 2554 interpretatus

76 2559 120 2621 sit
148 2580 309 2642 quamque
338 2580 407 2622 esse
435 2560 522 2623 voeis
551 2561 618 2623 eius
647 2560 805 2644 originem
834 2560 949 2624 dixerit
975 2557 1093 2624 Gavius

76 2647 205 2712 Bassus.

143 2736 223 2801 VIII
247 2736 406 2801 Defensus
426 2759 514 2801 error
532 2760 551 2801 a
569 2736 706 2822 Vergilii
724 2738 881 2821 versibus,
902 2760 982 2822 quos
1002 2760 1094 2823 argu-

74 2830 145 2889 erat
167 2825 269 2890 Iulius
293 2825 443 2911 Hyginus
467 2829 708 2912 grammaticus,
736 2830 768 2890 et
791 2827 924 2910 ibidem,
950 2827 1027 2910 quid
1051 2828 1094 2890 sit

74 2916 189 2998 lituus3
213 2917 315 2998 deque
339 2917 537 3000 ἐτυμολογίᾳ
559 2918 648 2980 voois
672 2917 748 2979 eius.

142 3003 189 3068 IX
213 3004 358 3068 Historia
377 3005 415 3068 de
436 3003 546 3069 Croesi
564 3005 632 3069 filio
652 3009 742 3068 muto
763 3026 802 3067 ex
816 3003 975 3068 Herodoti
992 3004 1092 3069 libris.

142 3092 173 3155 X
195 3093 245 3157 De
259 3095 466 3178 argumentis,
481 3115 562 3176 quae
578 3091 695 3157 Graece
710 3091 973 3176 ἀντιστρέφοντα
986 3092 1093 3177 appel-

73 3181 191 3264 lantur,
215 3183 349 3246 anobis
374 3183 559 3266 ‘reciproca'
585 3182 648 3247 diei
670 3186 814 3265 possunt.

141 3270 188 3334 XI
219 3271 344 3335 Biantis
377 3270 415 3335 de
446 3293 481 3334 re
510 3274 623 3336 uxoria
651 3273 876 3356 syllogismum
904 3293 970 3335 non
997 3291 1092 3354 posse

73 3360 176 3423 videri
199 3358 438 3444 ἀναστρέφειν.

130 3446 204 3599 ,XII
236 3448 285 3513 De
313 3449 499 3514 nominibus
522 3449 659 3516 deorum
680 3439 1132 3536 populissmamuas'xs

72 3539 107 3599 et
161 3538 286 3602 odiosis.
