2460 3848
507 159 713 214 PRAEFATIO
1096 161 1117 224 5

104 366 109 372 ·
147 326 248 389 nihil
272 346 354 389 oum
376 325 523 390 fidibus
547 320 779 427 graeculost,
802 323 903 387 nihil
921 319 1003 388 c'um
1022 346 1119 387 ama·
1156 297 1169 382 ζ’
1204 357 1218 419 s

574 436 705 478 racino
730 414 795 477 sui.

104 527 213 612 Atque
242 530 351 614 etiam,
379 552 443 613 quo
472 531 514 594 sit
542 531 742 613 quorundam
765 531 849 593 male
873 530 1041 593 doctorum
1063 529 1164 594 ho-ao

106 619 229 682 minum
257 621 410 684 scaevitas
429 623 469 691 et
491 619 667 684 invidentia
690 619 857 702 irritatior,
885 616 1058 683 mutuabor
1079 641 1120 683 ex

78 706 388 792 sAristophanae
421 708 519 773 choro
552 712 724 792 anapaesta
752 729 853 790 pauca
881 712 914 771 et
941 728 1037 790 quam
1065 708 1120 772 illo

104 796 202 861 homo
220 798 446 862 festivissimus
464 797 592 862 fabulae
612 819 686 861 suae
701 798 891 880 spectandae
904 798 1010 882 legem
1025 798 1120 880 dedit,

105 887 236 950 eandem
261 909 321 972 ego
345 887 584 951 commentariis
607 887 658 949 his
681 886 825 970 legendis
848 884 940 968 dabo,
963 889 1001 950 ut
1024 909 1060 950 ea
1080 909 1121 950 ne

104 975 242 1061 attingat
269 998 349 1041 neve
378 977 471 1039 adeat
498 976 676 1059 profestum
704 979 736 1038 et
763 975 934 1058 profanum
961 975 1077 1061 volgus
1102 998 1121 1039 a

102 1064 179 1129 ludo
212 1065 336 1129 musico
370 1065 539 1129 diversum.
589 1062 710 1128 Versus
741 1064 823 1147 legis
856 1065 947 1127 datae
978 1063 1014 1127 hi
1047 1069 1164 1128 suntal

63 1181 90 1220 ιο
103 1154 188 1236 (ναν.
202 1156 266 1217 354
280 1174 342 1235 sqq.
361 1159 425 1217 369
439 1154 530 1236 sqq.):

149 1269 344 1353 εὐφημεῖν
362 1269 432 1352 χρὴ
447 1266 709 1345 κάξίστασθαι
723 1279 806 1343 τοῖς
819 1265 1044 1353 ἡμετέροισι
1059 1292 1121 1350 χο-

603 1367 710 1421 οἶσιν

150 1446 258 1522 ὅστις
281 1446 444 1529 ἄπειρος
465 1379 629 1510 sorados
648 1405 777 1528 tdy’orv
800 1443 820 1527 ἢ
839 1444 970 1530 γνώμῃ
989 1445 1037 1529 μὴ
1056 1468 1121 1508 κα-

576 1540 628 1598 θα
659 1535 742 1598 sdes

62 1651 88 1690 rs
148 1621 169 1706 ἢ
201 1625 398 1707 γενναίων
429 1626 544 1708 ὄργια
575 1558 750 1688 Μορνσῶν
781 1620 859 1708 μήτ’
898 1617 1004 1688 εἶδεν
1036 1625 1108 1708 μήτ

577 1712 802 1797 ἐχόρευσεν,

148 1804 307 1880 τούτοις
326 1802 445 1887 αὐδῶ,
463 1797 609 1879 καῦθις
627 1801 802 1881 ἀπαυδῶ,
820 1797 964 1877 καῦθις
982 1801 1023 1866 τὸ
1040 1802 1122 1887 τρί-

576 1915 645 1956 τον
668 1889 749 1975 μοίλ’
779 1890 938 1955 ἀπαυδῶ

148 1980 381 2058 ἐξίστασθαι
404 1983 591 2065 μύσταισι
615 1991 760 2065 χοροῖς·
784 1980 895 2065 ὑμεῖς
915 1977 944 2043 d’
968 1979 1122 2062 ἀνεγεί-

62 2096 89 2135 ao
575 2092 661 2154 ρετε
685 2069 838 2152 μολπὴν

149 2155 213 2220 καὶ
246 2159 490 2240 παννυχίδας
520 2158 586 2232 τὰς
613 2156 816 2243 ἡμετέρας,
849 2159 890 2219 αἳ
915 2157 1005 2240 τῇδε
1032 2154 1122 2239 πρέ-

276 2263 278 2267 ·
577 2263 724 2310 πονσιν
748 2243 871 2329 ἑορτῇ.

172 2365 348 2431 Volumina
381 2368 684 2433 commentariorum
712 2370 753 2433 ad
779 2369 867 2433 hunc
894 2369 978 2432 diem
1005 2368 1165 2454 vigintiaa

106 2456 170 2519 iam
197 2457 283 2520 facta
311 2462 393 2521 sunt.
440 2455 603 2533 Quantum
631 2462 738 2522 autem
761 2460 846 2522 vitae
869 2459 951 2522 mihi
973 2458 1121 2543 deinceps
1131 2477 1165 2525 23

63 2573 89 2612 rs
105 2546 211 2610 deum*
224 2547 391 2610 voluntate
415 2547 476 2611 erit
500 2550 720 2630 quantumque
743 2570 762 2612 a
780 2550 899 2612 tuenda
918 2571 953 2612 re
971 2548 1122 2612 familiari

103 2629 370 2719 produrandoque
393 2636 483 2701 cultu
504 2635 679 2700 liberorum
698 2659 843 2702 meorum
862 2637 992 2702 dabitur
1010 2638 1121 2721 otium,

103 2747 140 2788 ea
164 2726 272 2789 omnia
296 2726 456 2790 subsiciva
480 2729 514 2790 et'
535 2725 782 2791 subsecundaria
804 2731 951 2811 tempora
974 2727 1014 2790 ad
1033 2728 1121 2790 colli-

104 2815 223 2899 gendas
246 2815 469 2880 huiuscemodi
492 2816 719 2880 memoriarum
744 2816 1026 2881 delectatiunculas
1048 2836 1120 2880 con-

102 2904 211 2966 feram.
252 2903 481 2989 Progredietur
504 2926 581 2990 ergo
604 2927 756 2976 numerus
779 2904 936 2969 librorum
959 2905 1020 2967 diis
1038 2904 1165 2969 beneaa

61 3020 89 3059 ao
102 2991 288 3056 iuvantibus
316 3013 389 3057 cum
417 2994 519 3077 ipsius
548 2995 646 3077 vitae,
675 2995 822 3076 quantuli
850 2994 970 3076 quique
991 2993 1121 3075 fuerint,

102 3081 340 3166 progressibus,
367 3104 472 3165 neque
499 3083 647 3168 longiora
670 3083 752 3145 mihi
775 3084 844 3146 dari
867 3083 970 3166 spatia
992 3082 1120 3145 vivendi

172 3253 187 3300 8
206 3247 272 3301 Hor.
288 3264 370 3302 carm.
385 3247 425 3300 111
441 3255 464 3314 1,
480 3255 494 3301 1
604 3254 636 3302 31
657 3249 748 3304 Amm.
763 3247 827 3302 XXI
843 3254 884 3315 16,
901 3253 916 3300 6

174 3405 187 3451 1
212 3398 341 3468 graculos
360 3402 443 3469 (grec.
463 3401 493 3469 Ρ)
512 3421 534 3453 ω
553 3417 621 3455 corr.
640 3402 726 3454 Hertz
740 3401 749 3469 ss
765 3406 796 3453 11
823 3399 1066 3453 uufirfieolclu
1080 3397 1136 3463 tt&

99 3470 394 3608 ,leliTQCnllglngch
407 3476 427 3522 P
441 3471 450 3539 ll
465 3475 498 3522 23
517 3471 590 3525 hanc
604 3477 627 3523 B
641 3473 654 3542 ll
664 3477 698 3526 ‘ll
714 3470 893 3525 secundaria
905 3469 1037 3533 (il-W
1051 3476 1147 3526 affl·
