2460 3848
137 182 158 244 2
540 181 745 236 PRAEFATIO

137 368 205 409 esse
220 344 436 409 Atticarum
454 346 538 409 nihil
556 347 675 410 imitati
689 345 882 409 festivitates
896 345 1159 428 inscriptionum,

138 457 216 518 quas
246 436 392 518 plerique
421 435 476 497 alii
504 437 671 518 utriusque
698 435 828 520 linguae
858 434 1030 517 scriptores
1057 435 1093 497 in
1122 436 1157 499 id

111 545 126 591 o
138 546 239 608 genus
262 524 353 586 libris
377 524 530 588 fecerunt.
571 523 656 588 Nam
681 525 756 606 quia
778 524 900 587 variam
924 527 956 587 et
976 524 1157 587 miscellam

138 618 170 677 et
189 614 280 696 quasi
300 613 526 677 confusaneam
546 614 724 677 doctrinam
740 613 1006 695 conquisiverunt,
1025 635 1063 675 eo
1079 613 1159 676 titu-

137 704 187 766 los
203 724 330 784 quoque
345 703 384 765 ad
400 724 468 764 eam
482 704 673 766 sententiam
685 702 952 785 exquisitissimos
962 702 1159 766 indiderunt.
1189 729 1208 769 a

111 791 286 874 oNamque
317 792 372 853 alii
394 791 585 854 Musarum
609 792 852 874 inscripserunt,
881 792 936 854 alii
959 791 1159 875 silvarum,

139 881 193 944 ille
220 879 383 961 πέπλον,
415 880 469 943 hic
492 878 727 964 Ἀμαλθείας
754 879 882 963 πέρας.
916 881 997 943 alius
1024 884 1160 963 κηρία,

138 971 257 1053 partim
277 974 483 1052 λειμῶνας,
503 970 632 1052 quidam
647 970 829 1033 lectionis
845 991 946 1051 suae,
961 969 1043 1032 alius
1058 971 1160 1033 anti-

137 1082 295 1142 quarum
327 1059 541 1122 lectionum
571 1064 667 1141 atque
696 1059 777 1121 alius
806 1058 991 1141 ἀνθηρῶν
1019 1061 1051 1121 et
1078 1058 1160 1122 item

113 1148 220 1216 talius
235 1149 326 1231 εὑρη
333 1148 470 1231 μάτων.
509 1146 592 1211 Sunt
606 1149 715 1230 etiam,
735 1148 791 1230 qui
805 1148 973 1231 λύχνους
987 1148 1160 1230 inscripse-
1178 1177 1207 1214 ιο

137 1239 216 1322 rint,
254 1241 328 1300 sunt
361 1238 453 1318 item,
490 1237 544 1320 qui
579 1249 832 1320 στρωματεῖς,
867 1240 942 1299 sunt
974 1236 1067 1319 adeo,
1101 1238 1159 1320 qui

136 1326 356 1400 παντλέατας
382 1330 414 1388 et
432 1324 620 1390 Ἑλικῶνα
644 1331 676 1389 et
698 1326 952 1411 προβλήματα
976 1329 1008 1388 et
1031 1324 1159 1408 ἐγχει-

111 1418 247 1499 8ρίὸια
275 1419 308 1479 et
333 1416 608 1498 παραξιφίδας.
654 1415 714 1478 Est
738 1415 793 1498 qui
816 1415 1057 1478 memoriales
1080 1415 1160 1479 titu-

137 1507 205 1569 lum
228 1506 349 1586 fecerit,
373 1507 421 1567 est
446 1505 501 1586 qui
524 1505 773 1589 πραγματικὰ
797 1508 829 1567 et
852 1505 1026 1587 πάρεργα
1047 1507 1079 1567 et
1098 1505 1159 1568 δι·

138 1593 370 1671 ὁασκαλικολ,
399 1597 448 1655 est
475 1592 552 1655 item
582 1595 637 1675 qui
664 1594 852 1657 historiae
875 1592 1079 1676 naturalis,
1109 1598 1203 1659 estre

138 1684 389 1763 παντοδαπῆς
423 1682 613 1763 ίοτορίας,
646 1686 694 1745 est
721 1688 885 1765 praeterea
912 1683 969 1765 qui
996 1686 1159 1767 pratum,

138 1778 186 1837 est
210 1773 321 1835 itidem
345 1771 401 1853 qui
423 1771 667 1853 πάγκαρπον,
691 1776 739 1834 est
758 1772 961 1853 quisdicat}
980 1771 1160 1855 scripserit3

112 1865 214 1928 nsunt
242 1863 319 1924 item
347 1860 455 1942 multi,
485 1861 540 1941 qui
568 1861 830 1943 coniectanea,
857 1881 960 1942 neque
988 1861 1067 1923 item
1090 1882 1160 1924 non

139 1955 223 2033 sunt,
247 1951 302 2032 qui
326 1950 446 2012 indices
469 1949 560 2012 libris
585 1949 649 2012 suis
673 1950 807 2013 iecerint
826 1953 882 2012 aut
901 1950 1159 2032 epistularum

138 2040 339 2103 moralium
376 2043 432 2101 aut
469 2039 760 2121 epistolicarum
799 2039 1068 2120 quaestionum
1101 2043 1204 2103 autso

139 2129 384 2193 confusarum
412 2131 444 2190 et
473 2129 627 2209 quaedam
656 2129 718 2190 alia
746 2129 900 2210 inscripta
927 2126 1023 2189 nimis
1049 2127 1160 2211 lepida

96 2239 129 2284 1o
139 2220 321 2300 multasque
340 2238 488 2301 prorsum
508 2217 740 2280 concinnitates
758 2217 943 2280 redolentia.
982 2214 1052 2278 Nos
1071 2239 1161 2300 vero,

139 2312 175 2371 ut
199 2312 311 2390 captus
334 2311 444 2370 noster
467 2310 524 2390 est,
548 2307 707 2369 incuriose
731 2310 762 2368 et
786 2306 971 2369 inmeditate
995 2325 1032 2368 ao
1055 2326 1160 2390 prope

139 2398 236 2461 etiam
265 2396 444 2460 subrustice
467 2418 507 2459 cx
530 2396 600 2476 ipso
624 2396 696 2458 loco
721 2416 758 2458 ac
781 2399 926 2478 tempore
948 2394 1160 2458 hibernarum

138 2486 322 2571 vigiliarum
337 2483 489 2547 Atticas
507 2488 639 2546 noctes
659 2484 879 2566 inscripsimus
897 2487 1022 2546 tantum
1043 2485 1160 2548 ceteris
1175 2509 1205 2549 ss

140 2575 289 2638 omnibus
312 2575 347 2636 in
369 2575 470 2655 ipsius
495 2594 623 2654 quoque
647 2573 865 2655 inscriptionis
887 2572 980 2635 laude
999 2572 1161 2657 cedentes,

140 2661 296 2746 quantum
321 2663 473 2725 cessimus
497 2662 531 2723 in
555 2683 630 2724 cura
653 2667 685 2724 et
709 2663 867 2746 elegantia
891 2661 1084 2744 scriptionis.

97 2773 128 2818 11
209 2751 271 2815 Sed
297 2774 338 2815 ne
362 2750 532 2814 consilium
556 2751 684 2832 quidem
709 2752 742 2813 in
766 2751 971 2834 excerpendis
994 2751 1161 2815 notandis—

142 2864 203 2925 que
225 2842 321 2904 rebus
344 2840 429 2903 idem
452 2839 541 2921 mihi,
565 2841 651 2920 quod
670 2840 831 2923 plerisque
850 2840 923 2922 illis,
946 2839 1016 2901 fuit.
1058 2837 1161 2903 Nam-

141 2953 203 3015 que
226 2929 275 2993 illi
295 2951 405 2992 omnes
425 2933 456 2992 et
476 2950 586 2992 eorum
606 2929 745 2992 maxime
766 2927 878 2992 Graeci
896 2928 999 2991 multa
1018 2931 1050 2991 et
1069 2931 1161 2992 varia
1175 2955 1206 2995 oo

140 3021 336 3100 lectitantes,
359 3018 393 3080 in
421 3039 500 3100 quas
527 3040 577 3081 res
606 3039 743 3100 cumque
771 3019 961 3100 inciderant,
995 3016 1093 3081 ‘alba'
1122 3023 1161 3083 ut

213 3200 228 3246 5
256 3193 346 3245 Amm.
366 3192 430 3244 XIX
450 3200 526 3258 11,3
640 3199 672 3246 31
702 3192 750 3245 cfr.
771 3192 850 3259 ouo,
880 3192 1081 3262 Sprichwtrter
1109 3193 1163 3248 der

140 3267 243 3318 Romer
260 3282 286 3332 p.
304 3271 335 3317 11

214 3430 228 3477 ἵ
249 3424 377 3478 ΚὰΙΒΙὰΡ
387 3441 454 3480 corr.
463 3425 589 3492 Salmas,
599 3426 647 3493 qui
652 3427 784 3494 pleraque
795 3423 901 3479 Graeco
910 3423 1036 3493 corello
1046 3426 1091 3478 est
1098 3426 1163 3498 au]

129 3499 178 3547 est
189 3496 244 3560 qui
250 3496 369 3550 Salmas.
387 3497 469 3553 erse
479 3496 492 3570 λλ
500 3502 533 3551 17
550 3496 680 3552 ΤΟΠὰλλ
691 3502 711 3548 Ρ
722 3497 727 3568 λ
738 3495 850 3565 scripsit
865 3517 885 3550 ω
900 3512 968 3549 corr.
979 3494 1144 3568 Petscheniy
1153 3500 1164 3572 λλ

112 3567 151 3610 21
169 3565 317 3626 quaedam
339 3567 456 3644 (item)
476 3569 523 3626 Sl:
536 3570 589 3644 l2⁶
611 3569 777 3641 scriptionis
797 3567 881 3639 alite
900 3565 1123 3633 quaerendisque
1138 3574 1168 3620 R

975 3702 990 3731 l
