2460 3848
141 161 185 226 28
481 160 660 215 olrrrvra
678 161 744 215 rm.
764 160 828 215 xm

148 325 273 409 sophis3
297 325 399 407 deque
423 325 562 411 eleganti
584 325 774 389 verecundia
797 322 981 389 Aristotelis
1006 346 1167 390 suecesso-

147 436 215 478 rem
240 413 395 477 diatribae
419 436 494 477 suae
518 415 674 499 eligentis.

213 500 262 566 VI
290 500 374 578 Quid
394 506 517 566 veteres
536 501 643 566 Latini
663 503 809 585 dixerint,
833 524 912 584 quas
933 501 1045 566 Graeci
1064 521 1167 588 προσ-

147 592 248 678 ῳδίας
280 592 458 674 appellant3
495 592 572 655 item
605 593 693 673 quod
723 591 916 655 vocabulum
950 591 1165 656 ‘barbarismi’

146 701 213 744 non
226 681 452 764 usurpaverint
465 702 569 763 neque
579 678 717 745 Romani
732 681 929 764 antiquiores
938 688 1043 764 neque
1052 680 1165 745 Attici.

213 767 276 832 VH
305 767 476 833 Diversum
500 770 538 834 de
561 774 676 833 natura
698 771 828 834 leonum
849 770 966 834 dixisse
984 768 1165 834 Homerum

146 859 181 921 in
204 859 398 922 carminibus
422 862 454 922 et
477 857 679 922 Herodotum
702 861 737 922 in
758 858 911 923 historiis.

213 945 291 1011 VIII
306 945 399 1023 Quod
408 946 561 1011 Afranius
576 952 671 1031 poeta
685 947 859 1031 prudenter
873 952 906 1012 et
916 948 1022 1032 lepide
1033 945 1165 1032 Sapien—

147 1036 225 1099 tiam
248 1037 349 1100 filiam
373 1059 441 1100 esse
464 1034 550 1100 Vsus
574 1041 606 1100 et
628 1036 802 1101 Memoriae
826 1037 915 1100 dixit.
1092 1067 1102 1079 ν

212 1123 258 1188 IX
291 1124 375 1200 Quid
402 1124 528 1189 Tullius
555 1125 631 1189 Tiro
664 1127 698 1189 in
731 1126 968 1190 commentariis
1000 1127 1165 1210 scripserit

146 1214 184 1277 de
208 1215 327 1278 suculis
351 1218 383 1278 et
407 1213 579 1298 hyadibus,
605 1237 687 1297 quae
711 1219 785 1279 sunt
809 1216 974 1278 stellarum
997 1214 1164 1279 vocabula.

211 1302 242 1366 X
266 1301 350 1379 Quid
369 1303 512 1367 ‘sororis'
530 1307 652 1388 ἑτυμον
666 1327 734 1368 esse
749 1305 865 1368 dixerit
878 1303 986 1368 Labeo
1000 1301 1164 1368 Antistius

145 1395 177 1456 et
200 1393 278 1474 quid
302 1392 444 1457 ‘fratris’.
457 1391 491 1456 P.
510 1390 670 1478 Nigidius.

209 1480 257 1544 XI
276 1479 377 1557 Quem
391 1479 434 1544 M.
448 1479 552 1545 Varro
572 1485 683 1565 aptum
703 1482 889 1564 iustumque
908 1504 976 1546 esse
992 1504 1162 1546 numerum

53 1646 57 1665 Ι
144 1571 351 1634 convivarum
380 1571 586 1654 existimarit;
613 1591 650 1634 ao
678 1571 717 1634 de
743 1572 863 1635 mensis
891 1571 1038 1635 secundis
1067 1575 1099 1636 et
1124 1573 1163 1636 de

142 1658 293 1722 bellariis.

209 1745 272 1810 XII
295 1745 456 1810 Tribunos
475 1746 579 1830 plebis
597 1748 800 1832 prensionem
814 1748 941 1832 habere,
959 1748 1162 1814 vocationem

142 1855 207 1898 non
230 1835 356 1899 habere.

209 1922 288 1987 XIII
313 1922 406 2000 Quod
429 1925 464 1988 in
486 1924 577 1988 libris
601 1923 813 1990 humanarum
832 1925 874 1990 M.
889 1924 1044 1990 Varronis
1064 1927 1162 2011 serip—

142 2016 212 2076 tum
236 2016 285 2077 est
309 2014 426 2077 aediles
450 2018 482 2077 et
505 2018 690 2096 quaestores
714 2016 827 2098 populi
850 2014 989 2079 Romani
1012 2016 1045 2078 in
1068 2016 1119 2080 ius
1143 2038 1162 2080 a

142 2103 268 2185 privato
292 2102 332 2166 ad
355 2106 535 2186 praetorem
559 2104 666 2167 vocari
690 2127 793 2188 posse.

207 2189 285 2255 XIV
316 2190 400 2267 Quid
423 2193 465 2255 sit
488 2193 676 2276 pomerium.

207 2278 270 2343 XV
294 2279 403 2345 Verba
423 2304 461 2345 ex
480 2281 564 2346 libro
583 2280 738 2346 Messalae
758 2282 898 2366 auguris,
922 2281 1039 2364 quibus
1059 2282 1161 2364 doeet,

141 2369 197 2451 qui
216 2370 280 2433 sint
298 2371 438 2435 minores
457 2372 665 2456 magistratus
685 2375 717 2434 et
736 2371 899 2434 consulem
915 2374 1160 2454 praetoremque

140 2458 291 2541 conlegas
316 2481 397 2542 esse3
421 2463 453 2522 et
476 2460 632 2540 quaedam
656 2459 719 2523 alia
743 2460 781 2523 de
805 2460 966 2543 auspiciis.

206 2545 285 2611 XVI
299 2545 359 2630 (ep.
373 2546 436 2611 XV
450 2545 539 2633 extr.)
562 2546 644 2612 Item
658 2548 755 2612 verba
770 2549 911 2612 eiusdem
926 2547 1083 2612 Messalae
1099 2549 1161 2613 dis·

139 2637 273 2699 serentis
292 2637 380 2700 aliud
399 2659 467 2701 esse
486 2637 527 2700 ad
545 2637 701 2720 populum
718 2638 818 2721 loqui,
837 2637 924 2701 aliud
944 2658 1016 2701 oum
1035 2639 1159 2721 populo

139 2729 300 2878 Vbi
319 2726 1160 2900 tltddzltbtdffilbal⁰lssll.⁰lllffllffa

137 2902 253 3004 volgus
272 2907 375 3004 putat,
395 2904 450 2966 sed
468 2925 506 2967 eo
521 2903 689 2987 vocabulo,
708 2904 765 2987 qui
779 2839 945 2969 sinderiter
957 2866 1060 2968 locuti
1071 2837 1159 2988 blunt,

136 3012 485 3167 magldVIlIIpereVIIle
498 3013 592 3157 Qdid
614 3086 693 3166 aput
719 3080 762 3145 M.
786 3079 940 3147 Catonern
974 3083 1159 3168 significent

136 3168 235 3232 verba
258 3168 337 3233 haee
362 3171 457 3234 ‘inter
481 3192 516 3234 os
540 3174 636 3254 atque
661 3170 781 3235 offam’.

203 3255 281 3320 XIX
301 3256 438 3345 (XVIII)
462 3257 651 3342 <Platonem
675 3260 815 3324 tribuere
833 3259 982 3344 Euripidi
1002 3257 1158 3344 Sophocli

135 3366 279 3432 uersum3
303 3352 335 3412 et
358 3348 477 3413 similia
501 3349 657 3431 quaedam
681 3348 775 3432 alia.)

115 3519 155 3581 P
202 3433 264 3538 XX
294 3435 401 3525 (XIX)
437 3436 487 3503 De
520 3460 635 3524 genere
667 3442 764 3521 atque
786 3434 982 3526 {nominibus
1014 3438 1159 3504 familiae

146 3541 264 3588 ererae.
1016 3571 1019 3578 -
