<?xml version="1.0" encoding="UTF-8"?>
<!DOCTYPE html PUBLIC "-//W3C//DTD XHTML 1.0 Transitional//EN"
    "http://www.w3.org/TR/xhtml1/DTD/xhtml1-transitional.dtd">
<html xmlns="http://www.w3.org/1999/xhtml" xml:lang="en" lang="en">
 <head>
  <title>
</title>
<meta http-equiv="Content-Type" content="text/html;charset=utf-8" />
  <meta name='ocr-system' content='tesseract 3.04.00' />
  <meta name='ocr-capabilities' content='ocr_page ocr_carea ocr_par ocr_line ocrx_word'/>
</head>
<body>
  <div class='ocr_page' id='page_1' title='image "agelliinoctivma00gellgoog_0023.png"; bbox 0 0 2460 3848; ppageno 0'>
   <div class='ocr_carea' id='block_1_1' title="bbox 141 166 749 223">
    <p class='ocr_par' dir='ltr' id='par_1_1' title="bbox 141 166 749 223">
     <span class='ocr_line' id='line_1_1' title="bbox 141 166 749 223; baseline -0.005 0"><span class='ocrx_word' id='word_1_1' title='bbox 141 169 231 223; x_wconf 84' lang='lat' dir='ltr'><strong>XVIII</strong></span> <span class='ocrx_word' id='word_1_2' title='bbox 535 166 749 221; x_wconf 74' lang='lat' dir='ltr'><strong>&#39;PRAEFATIO</strong></span> 
     </span>
    </p>
   </div>
   <div class='ocr_carea' id='block_1_2' title="bbox 133 333 1156 3169">
    <p class='ocr_par' dir='ltr' id='par_1_2' title="bbox 139 333 1154 1037">
     <span class='ocr_line' id='line_1_2' title="bbox 140 333 1154 412; baseline 0 -15"><span class='ocrx_word' id='word_1_3' title='bbox 140 333 271 412; x_wconf 89' lang='lat' dir='ltr'>biarum,</span> <span class='ocrx_word' id='word_1_4' title='bbox 295 339 411 396; x_wconf 88' lang='lat' dir='ltr'>invenit</span> <span class='ocrx_word' id='word_1_5' title='bbox 432 338 465 396; x_wconf 90' lang='lat' dir='ltr'>in</span> <span class='ocrx_word' id='word_1_6' title='bbox 488 337 588 412; x_wconf 88' lang='lat' dir='ltr'>aliquo</span> <span class='ocrx_word' id='word_1_7' title='bbox 611 336 687 395; x_wconf 89' lang='lat' dir='ltr'>libro</span> <span class='ocrx_word' id='word_1_8' title='bbox 711 336 747 395; x_wconf 91' lang='lat' dir='ltr'>de</span> <span class='ocrx_word' id='word_1_9' title='bbox 769 337 882 395; x_wconf 90' lang='lat' dir='ltr'>musica</span> <span class='ocrx_word' id='word_1_10' title='bbox 905 339 1079 411; x_wconf 85' lang='lat' dir='ltr'>conscripto,</span> <span class='ocrx_word' id='word_1_11' title='bbox 1099 338 1154 397; x_wconf 49' lang='lat' dir='ltr'>&gt;ubi</span> 
     </span>
     <span class='ocr_line' id='line_1_3' title="bbox 140 425 1154 502; baseline 0.003 -18"><span class='ocrx_word' id='word_1_12' title='bbox 140 429 202 485; x_wconf 89' lang='lat' dir='ltr'>iam</span> <span class='ocrx_word' id='word_1_13' title='bbox 221 426 259 485; x_wconf 88' lang='lat' dir='ltr'>ad</span> <span class='ocrx_word' id='word_1_14' title='bbox 272 425 453 502; x_wconf 79' lang='lat' dir='ltr'>Thucydidis</span> <span class='ocrx_word' id='word_1_15' title='bbox 466 425 670 500; x_wconf 90' lang='lat' dir='ltr'>Herodotique</span> <span class='ocrx_word' id='word_1_16' title='bbox 683 426 762 485; x_wconf 91' lang='lat' dir='ltr'>locos</span> <span class='ocrx_word' id='word_1_17' title='bbox 776 427 932 485; x_wconf 89' lang='lat' dir='ltr'>remissum</span> <span class='ocrx_word' id='word_1_18' title='bbox 946 429 1017 484; x_wconf 81' lang='lat' dir='ltr'>erat</span> <span class='ocrx_word' id='word_1_19' title='bbox 1054 426 1154 486; x_wconf 87' lang='lat' dir='ltr'>Verba</span> 
     </span>
     <span class='ocr_line' id='line_1_4' title="bbox 141 511 1153 591; baseline 0.002 -17"><span class='ocrx_word' id='word_1_20' title='bbox 141 534 211 576; x_wconf 89' lang='lat' dir='ltr'>vero</span> <span class='ocrx_word' id='word_1_21' title='bbox 238 517 344 574; x_wconf 91' lang='lat' dir='ltr'>horum</span> <span class='ocrx_word' id='word_1_22' title='bbox 371 534 406 574; x_wconf 86' lang='lat' dir='ltr'>ex</span> <span class='ocrx_word' id='word_1_23' title='bbox 432 516 505 590; x_wconf 88' lang='lat' dir='ltr'>ipsis</span> <span class='ocrx_word' id='word_1_24' title='bbox 533 513 702 590; x_wconf 80' lang='lat' dir='ltr'>supplebat,</span> <span class='ocrx_word' id='word_1_25' title='bbox 730 516 807 574; x_wconf 89' lang='lat' dir='ltr'>sicut</span> <span class='ocrx_word' id='word_1_26' title='bbox 829 511 849 589; x_wconf 65' lang='grc' dir='ltr'>ξ</span> <span class='ocrx_word' id='word_1_27' title='bbox 874 515 913 572; x_wconf 85' lang='grc'>16</span> <span class='ocrx_word' id='word_1_28' title='bbox 943 533 977 573; x_wconf 83' lang='lat' dir='ltr'>ex</span> <span class='ocrx_word' id='word_1_29' title='bbox 1006 514 1153 591; x_wconf 80' lang='lat' dir='ltr'>Cicerone,</span> 
     </span>
     <span class='ocr_line' id='line_1_5' title="bbox 140 603 1154 682; baseline -0.001 -17"><span class='ocrx_word' id='word_1_30' title='bbox 140 607 233 665; x_wconf 88' lang='lat' dir='ltr'>totius</span> <span class='ocrx_word' id='word_1_31' title='bbox 252 606 518 682; x_wconf 74' lang='lat' dir='ltr'>argumentationis</span> <span class='ocrx_word' id='word_1_32' title='bbox 536 605 650 680; x_wconf 86' lang='lat' dir='ltr'>origine</span> <span class='ocrx_word' id='word_1_33' title='bbox 669 623 728 662; x_wconf 91' lang='lat' dir='ltr'>non</span> <span class='ocrx_word' id='word_1_34' title='bbox 746 603 903 679; x_wconf 80' lang='lat' dir='ltr'>patefacta.</span> <span class='ocrx_word' id='word_1_35' title='bbox 941 603 1017 662; x_wconf 89' lang='lat' dir='ltr'>Item</span> <span class='ocrx_word' id='word_1_36' title='bbox 1034 608 1154 680; x_wconf 89' lang='lat' dir='ltr'>praeter</span> 
     </span>
     <span class='ocr_line' id='line_1_6' title="bbox 141 691 1153 769; baseline 0.002 -17"><span class='ocrx_word' id='word_1_37' title='bbox 141 694 280 754; x_wconf 76' lang='lat' dir='ltr'>Tironem</span> <span class='ocrx_word' id='word_1_38' title='bbox 299 691 441 752; x_wconf 81' lang='lat' dir='ltr'>Catonem</span> <span class='ocrx_word' id='word_1_39' title='bbox 465 693 502 752; x_wconf 89' lang='lat' dir='ltr'>ab</span> <span class='ocrx_word' id='word_1_40' title='bbox 526 712 560 752; x_wconf 90' lang='lat' dir='ltr'>eo</span> <span class='ocrx_word' id='word_1_41' title='bbox 582 692 748 768; x_wconf 85' lang='lat' dir='ltr'>inspectum</span> <span class='ocrx_word' id='word_1_42' title='bbox 771 711 833 752; x_wconf 91' lang='lat' dir='ltr'>esse</span> <span class='ocrx_word' id='word_1_43' title='bbox 855 693 934 752; x_wconf 88' lang='lat' dir='ltr'>clare</span> <span class='ocrx_word' id='word_1_44' title='bbox 956 693 1048 763; x_wconf 90' lang='lat' dir='ltr'>verba</span> <span class='ocrx_word' id='word_1_45' title='bbox 1065 694 1153 769; x_wconf 86' lang='lat' dir='ltr'>V13,</span> 
     </span>
     <span class='ocr_line' id='line_1_7' title="bbox 142 780 1154 858; baseline 0 -17"><span class='ocrx_word' id='word_1_46' title='bbox 142 785 182 843; x_wconf 81' lang='lat'>49</span> <span class='ocrx_word' id='word_1_47' title='bbox 212 782 331 856; x_wconf 87' lang='lat' dir='ltr'>docent,</span> <span class='ocrx_word' id='word_1_48' title='bbox 358 800 454 857; x_wconf 85' lang='lat' dir='ltr'>neque</span> <span class='ocrx_word' id='word_1_49' title='bbox 480 780 568 841; x_wconf 91' lang='lat' dir='ltr'>fidem</span> <span class='ocrx_word' id='word_1_50' title='bbox 595 782 624 840; x_wconf 91' lang='lat' dir='ltr'>ei</span> <span class='ocrx_word' id='word_1_51' title='bbox 650 782 761 858; x_wconf 88' lang='lat' dir='ltr'>denego</span> <span class='ocrx_word' id='word_1_52' title='bbox 789 781 891 838; x_wconf 88' lang='lat' dir='ltr'><strong>XVIII</strong></span> <span class='ocrx_word' id='word_1_53' title='bbox 914 784 931 839; x_wconf 80' lang='grc'>7</span> <span class='ocrx_word' id='word_1_54' title='bbox 959 801 991 841; x_wconf 89' lang='lat' dir='ltr'>se</span> <span class='ocrx_word' id='word_1_55' title='bbox 1018 784 1154 858; x_wconf 87' lang='lat' dir='ltr'>exempla</span> 
     </span>
     <span class='ocr_line' id='line_1_8' title="bbox 139 869 1153 947; baseline 0.002 -18"><span class='ocrx_word' id='word_1_56' title='bbox 139 871 287 931; x_wconf 83' lang='lat' dir='ltr'>Favorino</span> <span class='ocrx_word' id='word_1_57' title='bbox 311 871 514 947; x_wconf 86' lang='lat' dir='ltr'>suppeditasse</span> <span class='ocrx_word' id='word_1_58' title='bbox 537 872 727 945; x_wconf 69' lang='lat' dir='ltr'>asseveranti,</span> <span class='ocrx_word' id='word_1_59' title='bbox 749 869 819 928; x_wconf 92' lang='lat' dir='ltr'>dum</span> <span class='ocrx_word' id='word_1_60' title='bbox 841 872 874 928; x_wconf 91' lang='lat' dir='ltr'>in</span> <span class='ocrx_word' id='word_1_61' title='bbox 892 870 1032 930; x_wconf 83' lang='lat' dir='ltr'>Favorini</span> <span class='ocrx_word' id='word_1_62' title='bbox 1054 873 1153 931; x_wconf 82' lang='lat' dir='ltr'>locum</span> 
     </span>
     <span class='ocr_line' id='line_1_9' title="bbox 139 959 710 1037; baseline -0.007 -17"><span class='ocrx_word' id='word_1_63' title='bbox 139 962 252 1020; x_wconf 88' lang='lat' dir='ltr'>fontem</span> <span class='ocrx_word' id='word_1_64' title='bbox 275 979 379 1019; x_wconf 86' lang='lat' dir='ltr'>vorum</span> <span class='ocrx_word' id='word_1_65' title='bbox 400 960 540 1019; x_wconf 87' lang='lat' dir='ltr'>Verrium</span> <span class='ocrx_word' id='word_1_66' title='bbox 563 959 710 1037; x_wconf 84' lang='lat' dir='ltr'>subroges.</span> 
     </span>
    </p>

    <p class='ocr_par' dir='ltr' id='par_1_3' title="bbox 133 1049 1156 3169">
     <span class='ocr_line' id='line_1_10' title="bbox 205 1049 1153 1125; baseline 0.002 -18"><span class='ocrx_word' id='word_1_67' title='bbox 205 1049 287 1109; x_wconf 91' lang='lat' dir='ltr'>Haeo</span> <span class='ocrx_word' id='word_1_68' title='bbox 306 1067 385 1122; x_wconf 88' lang='lat' dir='ltr'>vero,</span> <span class='ocrx_word' id='word_1_69' title='bbox 404 1068 480 1124; x_wconf 89' lang='lat' dir='ltr'>quae</span> <span class='ocrx_word' id='word_1_70' title='bbox 499 1068 588 1124; x_wconf 89' lang='lat' dir='ltr'>supra</span> <span class='ocrx_word' id='word_1_71' title='bbox 607 1050 737 1123; x_wconf 84' lang='lat' dir='ltr'>exposui,</span> <span class='ocrx_word' id='word_1_72' title='bbox 755 1049 834 1123; x_wconf 91' lang='lat' dir='ltr'>quod</span> <span class='ocrx_word' id='word_1_73' title='bbox 851 1051 913 1107; x_wconf 89' lang='lat' dir='ltr'>iam</span> <span class='ocrx_word' id='word_1_74' title='bbox 930 1068 985 1125; x_wconf 91' lang='lat' dir='ltr'>pro</span> <span class='ocrx_word' id='word_1_75' title='bbox 999 1049 1153 1125; x_wconf 84' lang='lat' dir='ltr'>explorato</span> 
     </span>
     <span class='ocr_line' id='line_1_11' title="bbox 139 1137 1152 1214; baseline 0 -16"><span class='ocrx_word' id='word_1_76' title='bbox 139 1157 248 1214; x_wconf 90' lang='lat' dir='ltr'>ponere</span> <span class='ocrx_word' id='word_1_77' title='bbox 275 1139 358 1212; x_wconf 87' lang='lat' dir='ltr'>licet,</span> <span class='ocrx_word' id='word_1_78' title='bbox 386 1137 511 1196; x_wconf 92' lang='lat' dir='ltr'>duorum</span> <span class='ocrx_word' id='word_1_79' title='bbox 538 1140 695 1213; x_wconf 87' lang='lat' dir='ltr'>praecipue</span> <span class='ocrx_word' id='word_1_80' title='bbox 722 1139 855 1196; x_wconf 90' lang='lat' dir='ltr'>virorum</span> <span class='ocrx_word' id='word_1_81' title='bbox 880 1141 1009 1198; x_wconf 81' lang='lat' dir='ltr'>acumini</span> <span class='ocrx_word' id='word_1_82' title='bbox 1032 1142 1063 1197; x_wconf 92' lang='lat' dir='ltr'>et</span> <span class='ocrx_word' id='word_1_83' title='bbox 1085 1140 1152 1198; x_wconf 91' lang='lat' dir='ltr'>sub·</span> 
     </span>
     <span class='ocr_line' id='line_1_12' title="bbox 138 1227 1152 1304; baseline 0.002 -18"><span class='ocrx_word' id='word_1_84' title='bbox 138 1228 247 1286; x_wconf 87' lang='lat' dir='ltr'>tilitati</span> <span class='ocrx_word' id='word_1_85' title='bbox 279 1227 430 1300; x_wconf 88' lang='lat' dir='ltr'>debemus,</span> <span class='ocrx_word' id='word_1_86' title='bbox 462 1229 515 1302; x_wconf 91' lang='lat' dir='ltr'>qui</span> <span class='ocrx_word' id='word_1_87' title='bbox 546 1246 613 1286; x_wconf 91' lang='lat' dir='ltr'>cum</span> <span class='ocrx_word' id='word_1_88' title='bbox 640 1227 819 1286; x_wconf 77' lang='lat' dir='ltr'>Dirlvsenum</span> <span class='ocrx_word' id='word_1_89' title='bbox 849 1227 977 1302; x_wconf 89' lang='lat' dir='ltr'>quadam</span> <span class='ocrx_word' id='word_1_90' title='bbox 1005 1246 1039 1287; x_wconf 83' lang='lat' dir='ltr'>ex</span> <span class='ocrx_word' id='word_1_91' title='bbox 1066 1232 1152 1304; x_wconf 81' lang='lat' dir='ltr'>parte</span> 
     </span>
     <span class='ocr_line' id='line_1_13' title="bbox 138 1315 1150 1394; baseline 0.001 -20"><span class='ocrx_word' id='word_1_92' title='bbox 138 1335 345 1394; x_wconf 79' lang='lat' dir='ltr'>praegressum</span> <span class='ocrx_word' id='word_1_93' title='bbox 373 1317 467 1376; x_wconf 86' lang='lat' dir='ltr'>secuti</span> <span class='ocrx_word' id='word_1_94' title='bbox 494 1316 611 1375; x_wconf 90' lang='lat' dir='ltr'>diversa</span> <span class='ocrx_word' id='word_1_95' title='bbox 638 1334 728 1390; x_wconf 90' lang='lat' dir='ltr'>opera</span> <span class='ocrx_word' id='word_1_96' title='bbox 755 1315 793 1374; x_wconf 89' lang='lat' dir='ltr'>ad</span> <span class='ocrx_word' id='word_1_97' title='bbox 821 1317 944 1375; x_wconf 89' lang='lat' dir='ltr'>eundem</span> <span class='ocrx_word' id='word_1_98' title='bbox 971 1316 1059 1375; x_wconf 88' lang='lat' dir='ltr'>finem</span> <span class='ocrx_word' id='word_1_99' title='bbox 1085 1337 1150 1393; x_wconf 87' lang='lat' dir='ltr'>per-</span> 
     </span>
     <span class='ocr_line' id='line_1_14' title="bbox 138 1404 1153 1483; baseline 0.001 -19"><span class='ocrx_word' id='word_1_100' title='bbox 138 1407 282 1480; x_wconf 85' lang='lat' dir='ltr'>venerint,</span> <span class='ocrx_word' id='word_1_101' title='bbox 305 1407 383 1465; x_wconf 88' lang='lat' dir='ltr'>huno</span> <span class='ocrx_word' id='word_1_102' title='bbox 406 1424 440 1464; x_wconf 90' lang='lat' dir='ltr'>eo</span> <span class='ocrx_word' id='word_1_103' title='bbox 462 1406 558 1483; x_wconf 75' lang='lat' dir='ltr'>magIs</span> <span class='ocrx_word' id='word_1_104' title='bbox 581 1404 798 1479; x_wconf 85' lang='lat' dir='ltr'>stabiliverunt,</span> <span class='ocrx_word' id='word_1_105' title='bbox 820 1404 1016 1465; x_wconf 89' lang='lat' dir='ltr'>Meroklinum</span> <span class='ocrx_word' id='word_1_106' title='bbox 1037 1405 1102 1465; x_wconf 90' lang='lat' dir='ltr'>dico</span> <span class='ocrx_word' id='word_1_107' title='bbox 1121 1409 1153 1465; x_wconf 90' lang='lat' dir='ltr'>et</span> 
     </span>
     <span class='ocr_line' id='line_1_15' title="bbox 138 1493 1151 1571; baseline 0.001 -18"><span class='ocrx_word' id='word_1_108' title='bbox 138 1493 408 1568; x_wconf 87' lang='lat' dir='ltr'>Kretzschmerum,</span> <span class='ocrx_word' id='word_1_109' title='bbox 441 1512 567 1569; x_wconf 90' lang='lat' dir='ltr'>quorum</span> <span class='ocrx_word' id='word_1_110' title='bbox 598 1494 726 1571; x_wconf 88' lang='lat' dir='ltr'>vestigia</span> <span class='ocrx_word' id='word_1_111' title='bbox 754 1497 925 1569; x_wconf 86' lang='lat' dir='ltr'>presserunt</span> <span class='ocrx_word' id='word_1_112' title='bbox 951 1494 1050 1554; x_wconf 85' lang='lat' dir='ltr'>fructu</span> <span class='ocrx_word' id='word_1_113' title='bbox 1078 1497 1151 1554; x_wconf 87' lang='lat' dir='ltr'>satis</span> 
     </span>
     <span class='ocr_line' id='line_1_16' title="bbox 138 1573 1156 1663; baseline -0.005 -20"><span class='ocrx_word' id='word_1_114' title='bbox 138 1585 238 1660; x_wconf 89' lang='lat' dir='ltr'>amplo</span> <span class='ocrx_word' id='word_1_115' title='bbox 266 1583 378 1657; x_wconf 84' lang='lat' dir='ltr'>Ruske,</span> <span class='ocrx_word' id='word_1_116' title='bbox 405 1584 519 1641; x_wconf 90' lang='lat' dir='ltr'>minore</span> <span class='ocrx_word' id='word_1_117' title='bbox 542 1573 711 1663; x_wconf 76' lang='lat' dir='ltr'>Froehde.¹)</span> <span class='ocrx_word' id='word_1_118' title='bbox 758 1580 816 1650; x_wconf 83' lang='lat' dir='ltr'>Qui</span> <span class='ocrx_word' id='word_1_119' title='bbox 842 1601 912 1641; x_wconf 89' lang='lat' dir='ltr'>vero</span> <span class='ocrx_word' id='word_1_120' title='bbox 940 1585 981 1642; x_wconf 89' lang='lat' dir='ltr'>eis</span> <span class='ocrx_word' id='word_1_121' title='bbox 1007 1603 1156 1644; x_wconf 76' lang='lat' dir='ltr'>successe,</span> 
     </span>
     <span class='ocr_line' id='line_1_17' title="bbox 136 1669 1150 1748; baseline 0.002 -18"><span class='ocrx_word' id='word_1_122' title='bbox 136 1675 217 1746; x_wconf 85' lang='lat' dir='ltr'>runt,</span> <span class='ocrx_word' id='word_1_123' title='bbox 239 1674 272 1730; x_wconf 93' lang='lat' dir='ltr'>in</span> <span class='ocrx_word' id='word_1_124' title='bbox 294 1671 408 1731; x_wconf 91' lang='lat' dir='ltr'>lubrico</span> <span class='ocrx_word' id='word_1_125' title='bbox 432 1672 494 1730; x_wconf 91' lang='lat' dir='ltr'>solo</span> <span class='ocrx_word' id='word_1_126' title='bbox 513 1673 544 1730; x_wconf 87' lang='lat' dir='ltr'>et</span> <span class='ocrx_word' id='word_1_127' title='bbox 560 1689 654 1746; x_wconf 88' lang='lat' dir='ltr'>paene</span> <span class='ocrx_word' id='word_1_128' title='bbox 673 1671 815 1730; x_wconf 84' lang='lat' dir='ltr'>exhausto</span> <span class='ocrx_word' id='word_1_129' title='bbox 834 1669 1022 1747; x_wconf 89' lang='lat' dir='ltr'>desudarunt,</span> <span class='ocrx_word' id='word_1_130' title='bbox 1045 1674 1090 1732; x_wconf 91' lang='lat' dir='ltr'>ita</span> <span class='ocrx_word' id='word_1_131' title='bbox 1107 1677 1150 1748; x_wconf 91' lang='lat' dir='ltr'>ut,</span> 
     </span>
     <span class='ocr_line' id='line_1_18' title="bbox 137 1760 1150 1838; baseline 0.003 -20"><span class='ocrx_word' id='word_1_132' title='bbox 137 1762 191 1836; x_wconf 91' lang='lat' dir='ltr'>qui</span> <span class='ocrx_word' id='word_1_133' title='bbox 207 1762 347 1837; x_wconf 90' lang='lat' dir='ltr'>provenit</span> <span class='ocrx_word' id='word_1_134' title='bbox 364 1761 486 1834; x_wconf 83' lang='lat' dir='ltr'>fructus,</span> <span class='ocrx_word' id='word_1_135' title='bbox 504 1779 564 1818; x_wconf 92' lang='lat' dir='ltr'>non</span> <span class='ocrx_word' id='word_1_136' title='bbox 580 1779 696 1836; x_wconf 89' lang='lat' dir='ltr'>semper</span> <span class='ocrx_word' id='word_1_137' title='bbox 708 1760 885 1835; x_wconf 88' lang='lat' dir='ltr'>respondeat</span> <span class='ocrx_word' id='word_1_138' title='bbox 897 1763 1017 1838; x_wconf 89' lang='lat' dir='ltr'>ingenio</span> <span class='ocrx_word' id='word_1_139' title='bbox 1031 1780 1150 1838; x_wconf 90' lang='lat' dir='ltr'>operae·</span> 
     </span>
     <span class='ocr_line' id='line_1_19' title="bbox 137 1847 1152 1926; baseline 0.002 -19"><span class='ocrx_word' id='word_1_140' title='bbox 137 1868 195 1924; x_wconf 88' lang='lat' dir='ltr'>que</span> <span class='ocrx_word' id='word_1_141' title='bbox 217 1851 376 1926; x_wconf 90' lang='lat' dir='ltr'>impensae.</span> <span class='ocrx_word' id='word_1_142' title='bbox 423 1847 472 1909; x_wconf 82' lang='lat' dir='ltr'>Sic</span> <span class='ocrx_word' id='word_1_143' title='bbox 495 1852 572 1908; x_wconf 89' lang='lat' dir='ltr'>certe</span> <span class='ocrx_word' id='word_1_144' title='bbox 595 1867 718 1908; x_wconf 85' lang='lat' dir='ltr'>acumen</span> <span class='ocrx_word' id='word_1_145' title='bbox 740 1867 800 1907; x_wconf 89' lang='lat' dir='ltr'>non</span> <span class='ocrx_word' id='word_1_146' title='bbox 823 1848 931 1923; x_wconf 84' lang='lat' dir='ltr'>defuit,</span> <span class='ocrx_word' id='word_1_147' title='bbox 956 1851 1007 1909; x_wconf 89' lang='lat' dir='ltr'>sed</span> <span class='ocrx_word' id='word_1_148' title='bbox 1030 1851 1152 1910; x_wconf 87' lang='lat' dir='ltr'>fortuna</span> 
     </span>
     <span class='ocr_line' id='line_1_20' title="bbox 137 1936 1151 2016; baseline 0.004 -20"><span class='ocrx_word' id='word_1_149' title='bbox 137 1938 260 2014; x_wconf 88' lang='lat' dir='ltr'>Beckio,</span> <span class='ocrx_word' id='word_1_150' title='bbox 288 1940 341 2016; x_wconf 92' lang='lat' dir='ltr'>qui</span> <span class='ocrx_word' id='word_1_151' title='bbox 367 1940 484 2013; x_wconf 85' lang='lat' dir='ltr'>partem</span> <span class='ocrx_word' id='word_1_152' title='bbox 511 1938 643 2013; x_wconf 88' lang='lat' dir='ltr'>capitum</span> <span class='ocrx_word' id='word_1_153' title='bbox 671 1957 705 1996; x_wconf 84' lang='lat' dir='ltr'>ex</span> <span class='ocrx_word' id='word_1_154' title='bbox 728 1936 819 1996; x_wconf 91' lang='lat' dir='ltr'>Plinii</span> <span class='ocrx_word' id='word_1_155' title='bbox 846 1939 882 1997; x_wconf 93' lang='lat' dir='ltr'>de</span> <span class='ocrx_word' id='word_1_156' title='bbox 905 1939 993 1997; x_wconf 91' lang='lat' dir='ltr'>dubio</span> <span class='ocrx_word' id='word_1_157' title='bbox 1017 1958 1151 2000; x_wconf 90' lang='lat' dir='ltr'>sermone</span> 
     </span>
     <span class='ocr_line' id='line_1_21' title="bbox 136 2025 1151 2103; baseline 0.002 -17"><span class='ocrx_word' id='word_1_158' title='bbox 136 2025 222 2086; x_wconf 88' lang='lat' dir='ltr'>libris</span> <span class='ocrx_word' id='word_1_159' title='bbox 245 2028 401 2086; x_wconf 88' lang='lat' dir='ltr'>deductam</span> <span class='ocrx_word' id='word_1_160' title='bbox 429 2045 491 2086; x_wconf 88' lang='lat' dir='ltr'>esse</span> <span class='ocrx_word' id='word_1_161' title='bbox 519 2026 679 2086; x_wconf 86' lang='lat' dir='ltr'>contendit.</span> <span class='ocrx_word' id='word_1_162' title='bbox 725 2025 806 2095; x_wconf 84' lang='lat' dir='ltr'>Quae</span> <span class='ocrx_word' id='word_1_163' title='bbox 832 2027 924 2088; x_wconf 90' lang='lat' dir='ltr'>thesis</span> <span class='ocrx_word' id='word_1_164' title='bbox 952 2047 1046 2103; x_wconf 91' lang='lat' dir='ltr'>neque</span> <span class='ocrx_word' id='word_1_165' title='bbox 1072 2030 1151 2088; x_wconf 90' lang='lat' dir='ltr'>clare</span> 
     </span>
     <span class='ocr_line' id='line_1_22' title="bbox 136 2115 1151 2193; baseline 0.003 -19"><span class='ocrx_word' id='word_1_166' title='bbox 136 2115 258 2191; x_wconf 86' lang='lat' dir='ltr'>firmari,</span> <span class='ocrx_word' id='word_1_167' title='bbox 282 2118 418 2192; x_wconf 91' lang='lat' dir='ltr'>quamvis</span> <span class='ocrx_word' id='word_1_168' title='bbox 440 2117 548 2176; x_wconf 87' lang='lat' dir='ltr'>acriter</span> <span class='ocrx_word' id='word_1_169' title='bbox 566 2117 606 2175; x_wconf 88' lang='lat' dir='ltr'>sit</span> <span class='ocrx_word' id='word_1_170' title='bbox 623 2117 785 2191; x_wconf 83' lang='lat' dir='ltr'>proposita,</span> <span class='ocrx_word' id='word_1_171' title='bbox 808 2135 912 2191; x_wconf 90' lang='lat' dir='ltr'>neque,</span> <span class='ocrx_word' id='word_1_172' title='bbox 934 2117 965 2174; x_wconf 89' lang='lat' dir='ltr'>id</span> <span class='ocrx_word' id='word_1_173' title='bbox 985 2119 1064 2193; x_wconf 91' lang='lat' dir='ltr'>quod</span> <span class='ocrx_word' id='word_1_174' title='bbox 1082 2137 1151 2177; x_wconf 87' lang='lat' dir='ltr'>oon—</span> 
     </span>
     <span class='ocr_line' id='line_1_23' title="bbox 137 2197 1151 2285; baseline 0.002 -20"><span class='ocrx_word' id='word_1_175' title='bbox 137 2209 282 2280; x_wconf 88' lang='lat' dir='ltr'>cesserim,</span> <span class='ocrx_word' id='word_1_176' title='bbox 305 2205 384 2266; x_wconf 89' lang='lat' dir='ltr'>clare</span> <span class='ocrx_word' id='word_1_177' title='bbox 406 2205 546 2283; x_wconf 86' lang='lat' dir='ltr'>redargui</span> <span class='ocrx_word' id='word_1_178' title='bbox 563 2197 707 2285; x_wconf 76' lang='lat' dir='ltr'>potest²)3</span> <span class='ocrx_word' id='word_1_179' title='bbox 731 2204 897 2264; x_wconf 88' lang='lat' dir='ltr'>aedificium</span> <span class='ocrx_word' id='word_1_180' title='bbox 915 2225 985 2264; x_wconf 91' lang='lat' dir='ltr'>vero</span> <span class='ocrx_word' id='word_1_181' title='bbox 1004 2206 1151 2268; x_wconf 89' lang='lat' dir='ltr'>debilibus</span> 
     </span>
     <span class='ocr_line' id='line_1_24' title="bbox 135 2294 1151 2370; baseline 0.003 -17"><span class='ocrx_word' id='word_1_182' title='bbox 135 2295 269 2354; x_wconf 87' lang='lat' dir='ltr'>trabibus</span> <span class='ocrx_word' id='word_1_183' title='bbox 302 2297 504 2356; x_wconf 86' lang='lat' dir='ltr'>constructum</span> <span class='ocrx_word' id='word_1_184' title='bbox 536 2296 630 2353; x_wconf 90' lang='lat' dir='ltr'>timeo</span> <span class='ocrx_word' id='word_1_185' title='bbox 659 2313 696 2352; x_wconf 89' lang='lat' dir='ltr'>ne</span> <span class='ocrx_word' id='word_1_186' title='bbox 723 2294 811 2370; x_wconf 88' lang='lat' dir='ltr'>pauci</span> <span class='ocrx_word' id='word_1_187' title='bbox 837 2294 910 2370; x_wconf 88' lang='lat' dir='ltr'>sint,</span> <span class='ocrx_word' id='word_1_188' title='bbox 943 2297 995 2370; x_wconf 89' lang='lat' dir='ltr'>qui</span> <span class='ocrx_word' id='word_1_189' title='bbox 1021 2297 1151 2356; x_wconf 90' lang='lat' dir='ltr'>incolere</span> 
     </span>
     <span class='ocr_line' id='line_1_25' title="bbox 135 2381 1152 2459; baseline 0.003 -18"><span class='ocrx_word' id='word_1_190' title='bbox 135 2383 274 2457; x_wconf 90' lang='lat' dir='ltr'>audeant,</span> <span class='ocrx_word' id='word_1_191' title='bbox 296 2387 415 2459; x_wconf 88' lang='lat' dir='ltr'>praeter</span> <span class='ocrx_word' id='word_1_192' title='bbox 438 2383 555 2442; x_wconf 88' lang='lat' dir='ltr'>aedium</span> <span class='ocrx_word' id='word_1_193' title='bbox 573 2382 699 2441; x_wconf 82' lang='lat' dir='ltr'>fabrum</span> <span class='ocrx_word' id='word_1_194' title='bbox 741 2381 840 2442; x_wconf 84' lang='lat' dir='ltr'>Simili</span> <span class='ocrx_word' id='word_1_195' title='bbox 858 2383 954 2458; x_wconf 90' lang='lat' dir='ltr'>modo,</span> <span class='ocrx_word' id='word_1_196' title='bbox 978 2403 1053 2459; x_wconf 89' lang='lat' dir='ltr'>quae</span> <span class='ocrx_word' id='word_1_197' title='bbox 1071 2404 1152 2444; x_wconf 89' lang='lat' dir='ltr'>nova</span> 
     </span>
     <span class='ocr_line' id='line_1_26' title="bbox 136 2472 1151 2549; baseline 0.005 -20"><span class='ocrx_word' id='word_1_198' title='bbox 136 2491 166 2530; x_wconf 93' lang='lat' dir='ltr'>se</span> <span class='ocrx_word' id='word_1_199' title='bbox 190 2472 376 2532; x_wconf 86' lang='lat' dir='ltr'>elucubrasse</span> <span class='ocrx_word' id='word_1_200' title='bbox 397 2475 494 2548; x_wconf 91' lang='lat' dir='ltr'>putat,</span> <span class='ocrx_word' id='word_1_201' title='bbox 517 2472 685 2546; x_wconf 88' lang='lat' dir='ltr'>Nettleship</span> <span class='ocrx_word' id='word_1_202' title='bbox 709 2472 793 2530; x_wconf 91' lang='lat' dir='ltr'>nobis</span> <span class='ocrx_word' id='word_1_203' title='bbox 813 2490 881 2531; x_wconf 90' lang='lat' dir='ltr'>raro</span> <span class='ocrx_word' id='word_1_204' title='bbox 899 2472 1023 2548; x_wconf 87' lang='lat' dir='ltr'>probare</span> <span class='ocrx_word' id='word_1_205' title='bbox 1041 2476 1151 2549; x_wconf 91' lang='lat' dir='ltr'>potest,</span> 
     </span>
     <span class='ocr_line' id='line_1_27' title="bbox 135 2561 1151 2638; baseline 0.002 -18"><span class='ocrx_word' id='word_1_206' title='bbox 135 2563 161 2620; x_wconf 91' lang='lat' dir='ltr'>si</span> <span class='ocrx_word' id='word_1_207' title='bbox 187 2579 280 2620; x_wconf 90' lang='lat' dir='ltr'>novos</span> <span class='ocrx_word' id='word_1_208' title='bbox 303 2563 333 2619; x_wconf 91' lang='lat' dir='ltr'>et</span> <span class='ocrx_word' id='word_1_209' title='bbox 356 2579 450 2637; x_wconf 91' lang='lat' dir='ltr'>paene</span> <span class='ocrx_word' id='word_1_210' title='bbox 472 2561 589 2638; x_wconf 84' lang='lat' dir='ltr'>ignotos</span> <span class='ocrx_word' id='word_1_211' title='bbox 613 2561 802 2619; x_wconf 86' lang='lat' dir='ltr'>auctoresin</span> <span class='ocrx_word' id='word_1_212' title='bbox 770 2561 931 2620; x_wconf 83' lang='lat' dir='ltr'>mseriem</span> <span class='ocrx_word' id='word_1_213' title='bbox 953 2563 1113 2620; x_wconf 88' lang='lat' dir='ltr'>fontium</span> <span class='ocrx_word' id='word_1_214' title='bbox 1104 2584 1151 2622; x_wconf 90' lang='lat' dir='ltr'>m-</span> 
     </span>
     <span class='ocr_line' id='line_1_28' title="bbox 135 2646 1151 2723; baseline 0.004 -15"><span class='ocrx_word' id='word_1_215' title='bbox 135 2651 242 2723; x_wconf 86' lang='lat' dir='ltr'>culcat,</span> <span class='ocrx_word' id='word_1_216' title='bbox 266 2652 301 2707; x_wconf 93' lang='lat' dir='ltr'>ut</span> <span class='ocrx_word' id='word_1_217' title='bbox 325 2648 493 2708; x_wconf 78' lang='lat' dir='ltr'>Cornelium</span> <span class='ocrx_word' id='word_1_218' title='bbox 515 2648 681 2723; x_wconf 82' lang='lat' dir='ltr'>Epicadum</span> <span class='ocrx_word' id='word_1_219' title='bbox 703 2648 752 2707; x_wconf 87' lang='lat' dir='ltr'>vel</span> <span class='ocrx_word' id='word_1_220' title='bbox 775 2646 899 2709; x_wconf 90' lang='lat' dir='ltr'>Octavio</span> <span class='ocrx_word' id='word_1_221' title='bbox 921 2650 1013 2710; x_wconf 82' lang='lat' dir='ltr'>Avito</span> <span class='ocrx_word' id='word_1_222' title='bbox 1037 2653 1151 2713; x_wconf 90' lang='lat' dir='ltr'>similes</span> 
     </span>
     <span class='ocr_line' id='line_1_29' title="bbox 134 2737 1152 2815; baseline 0.004 -19"><span class='ocrx_word' id='word_1_223' title='bbox 134 2739 183 2796; x_wconf 89' lang='lat' dir='ltr'>vel</span> <span class='ocrx_word' id='word_1_224' title='bbox 205 2737 327 2798; x_wconf 83' lang='lat' dir='ltr'>Asconii</span> <span class='ocrx_word' id='word_1_225' title='bbox 354 2741 458 2797; x_wconf 86' lang='lat' dir='ltr'>contra</span> <span class='ocrx_word' id='word_1_226' title='bbox 484 2737 697 2797; x_wconf 88' lang='lat' dir='ltr'>obtrectatores</span> <span class='ocrx_word' id='word_1_227' title='bbox 719 2737 847 2815; x_wconf 87' lang='lat' dir='ltr'>Vergilii</span> <span class='ocrx_word' id='word_1_228' title='bbox 873 2738 991 2798; x_wconf 86' lang='lat' dir='ltr'>librum.</span> <span class='ocrx_word' id='word_1_229' title='bbox 1038 2738 1152 2801; x_wconf 81' lang='lat' dir='ltr'>Contra</span> 
     </span>
     <span class='ocr_line' id='line_1_30' title="bbox 134 2818 1152 2908; baseline 0.004 -23"><span class='ocrx_word' id='word_1_230' title='bbox 134 2846 224 2902; x_wconf 90' lang='lat' dir='ltr'>quem</span> <span class='ocrx_word' id='word_1_231' title='bbox 254 2829 316 2885; x_wconf 91' lang='lat' dir='ltr'>iam</span> <span class='ocrx_word' id='word_1_232' title='bbox 342 2827 398 2886; x_wconf 91' lang='lat' dir='ltr'>hoc</span> <span class='ocrx_word' id='word_1_233' title='bbox 424 2846 517 2884; x_wconf 90' lang='lat' dir='ltr'>unum</span> <span class='ocrx_word' id='word_1_234' title='bbox 544 2818 731 2908; x_wconf 76' lang='lat' dir='ltr'>opponam.³)</span> <span class='ocrx_word' id='word_1_235' title='bbox 778 2825 920 2895; x_wconf 84' lang='lat' dir='ltr'>Quamvis</span> <span class='ocrx_word' id='word_1_236' title='bbox 947 2847 1006 2888; x_wconf 91' lang='lat' dir='ltr'>non</span> <span class='ocrx_word' id='word_1_237' title='bbox 1033 2847 1152 2906; x_wconf 87' lang='lat' dir='ltr'>semper</span> 
     </span>
     <span class='ocr_line' id='line_1_31' title="bbox 135 2913 1151 2992; baseline 0.003 -18"><span class='ocrx_word' id='word_1_238' title='bbox 135 2935 188 2974; x_wconf 91' lang='lat' dir='ltr'>suo</span> <span class='ocrx_word' id='word_1_239' title='bbox 210 2917 275 2975; x_wconf 93' lang='lat' dir='ltr'>looo</span> <span class='ocrx_word' id='word_1_240' title='bbox 299 2934 367 2975; x_wconf 88' lang='lat' dir='ltr'>suos</span> <span class='ocrx_word' id='word_1_241' title='bbox 389 2915 486 2975; x_wconf 86' lang='lat' dir='ltr'>fontes</span> <span class='ocrx_word' id='word_1_242' title='bbox 508 2917 649 2989; x_wconf 85' lang='lat' dir='ltr'>nominet,</span> <span class='ocrx_word' id='word_1_243' title='bbox 674 2913 803 2975; x_wconf 85' lang='lat' dir='ltr'>Gellium</span> <span class='ocrx_word' id='word_1_244' title='bbox 824 2935 971 2992; x_wconf 91' lang='lat' dir='ltr'>nusquam</span> <span class='ocrx_word' id='word_1_245' title='bbox 994 2921 1095 2977; x_wconf 88' lang='lat' dir='ltr'>tamen</span> <span class='ocrx_word' id='word_1_246' title='bbox 1114 2938 1151 2977; x_wconf 83' lang='lat' dir='ltr'>ex</span> 
     </span>
     <span class='ocr_line' id='line_1_32' title="bbox 134 3003 1150 3081; baseline 0.004 -19"><span class='ocrx_word' id='word_1_247' title='bbox 134 3008 255 3064; x_wconf 90' lang='lat' dir='ltr'>auctore</span> <span class='ocrx_word' id='word_1_248' title='bbox 286 3023 340 3064; x_wconf 91' lang='lat' dir='ltr'>sua</span> <span class='ocrx_word' id='word_1_249' title='bbox 372 3004 567 3080; x_wconf 89' lang='lat' dir='ltr'>desumpsisse</span> <span class='ocrx_word' id='word_1_250' title='bbox 599 3003 790 3063; x_wconf 88' lang='lat' dir='ltr'>statuendum</span> <span class='ocrx_word' id='word_1_251' title='bbox 821 3008 879 3079; x_wconf 90' lang='lat' dir='ltr'>est,</span> <span class='ocrx_word' id='word_1_252' title='bbox 914 3008 966 3081; x_wconf 92' lang='lat' dir='ltr'>qui</span> <span class='ocrx_word' id='word_1_253' title='bbox 997 3025 1055 3065; x_wconf 93' lang='lat' dir='ltr'>non</span> <span class='ocrx_word' id='word_1_254' title='bbox 1088 3027 1150 3066; x_wconf 91' lang='lat' dir='ltr'>uno</span> 
     </span>
     <span class='ocr_line' id='line_1_33' title="bbox 133 3092 1150 3169; baseline 0.003 -17"><span class='ocrx_word' id='word_1_255' title='bbox 133 3094 265 3152; x_wconf 87' lang='lat' dir='ltr'>alterove</span> <span class='ocrx_word' id='word_1_256' title='bbox 289 3094 353 3153; x_wconf 92' lang='lat' dir='ltr'>loco</span> <span class='ocrx_word' id='word_1_257' title='bbox 376 3092 468 3153; x_wconf 85' lang='lat' dir='ltr'>totius</span> <span class='ocrx_word' id='word_1_258' title='bbox 491 3094 588 3169; x_wconf 86' lang='lat' dir='ltr'>operis</span> <span class='ocrx_word' id='word_1_259' title='bbox 612 3097 763 3169; x_wconf 86' lang='lat' dir='ltr'>appareat.</span> <span class='ocrx_word' id='word_1_260' title='bbox 804 3095 847 3153; x_wconf 86' lang='lat' dir='ltr'>Vt</span> <span class='ocrx_word' id='word_1_261' title='bbox 864 3093 965 3152; x_wconf 85' lang='lat' dir='ltr'><strong>XVIII</strong></span> <span class='ocrx_word' id='word_1_262' title='bbox 986 3098 1026 3153; x_wconf 86' lang='grc'>14</span> <span class='ocrx_word' id='word_1_263' title='bbox 1045 3115 1150 3155; x_wconf 91' lang='lat' dir='ltr'>mana-</span> 
     </span>
    </p>
   </div>
   <div class='ocr_carea' id='block_1_3' title="bbox 132 3332 1149 3619">
    <p class='ocr_par' dir='ltr' id='par_1_4' title="bbox 132 3332 1140 3619">
     <span class='ocr_line' id='line_1_34' title="bbox 206 3332 950 3403; baseline 0.001 -16.021"><span class='ocrx_word' id='word_1_264' title='bbox 206 3332 302 3403; x_wconf 86' lang='lat' dir='ltr'>1).Vd</span> <span class='ocrx_word' id='word_1_265' title='bbox 322 3349 418 3388; x_wconf 86' lang='lat' dir='ltr'>eorum</span> <span class='ocrx_word' id='word_1_266' title='bbox 435 3333 522 3387; x_wconf 89' lang='lat' dir='ltr'>libros</span> <span class='ocrx_word' id='word_1_267' title='bbox 540 3332 661 3403; x_wconf 81' lang='lat' dir='ltr'>infrap.</span> <span class='ocrx_word' id='word_1_268' title='bbox 678 3333 742 3387; x_wconf 89' lang='lat' dir='ltr'>XXI</span> <span class='ocrx_word' id='word_1_269' title='bbox 756 3334 819 3387; x_wconf 89' lang='lat' dir='ltr'>adn.</span> <span class='ocrx_word' id='word_1_270' title='bbox 841 3333 950 3388; x_wconf 89' lang='lat' dir='ltr'>allatos</span> 
     </span>
     <span class='ocr_line' id='line_1_35' title="bbox 204 3403 1149 3476; baseline 0.004 -19"><span class='ocrx_word' id='word_1_271' title='bbox 204 3407 230 3474; x_wconf 77' lang='lat'>2)</span> <span class='ocrx_word' id='word_1_272' title='bbox 250 3403 337 3469; x_wconf 79' lang='lat' dir='ltr'>Qua·</span> <span class='ocrx_word' id='word_1_273' title='bbox 329 3423 359 3458; x_wconf 84' lang='lat' dir='ltr'>un</span> <span class='ocrx_word' id='word_1_274' title='bbox 376 3421 407 3459; x_wconf 89' lang='lat' dir='ltr'>re</span> <span class='ocrx_word' id='word_1_275' title='bbox 424 3421 469 3458; x_wconf 87' lang='lat' dir='ltr'>me</span> <span class='ocrx_word' id='word_1_276' title='bbox 488 3404 645 3459; x_wconf 82' lang='lat' dir='ltr'>consentire</span> <span class='ocrx_word' id='word_1_277' title='bbox 664 3405 773 3474; x_wconf 85' lang='lat' dir='ltr'>gaudeo</span> <span class='ocrx_word' id='word_1_278' title='bbox 792 3421 855 3459; x_wconf 88' lang='lat' dir='ltr'>cum</span> <span class='ocrx_word' id='word_1_279' title='bbox 874 3403 968 3474; x_wconf 65' lang='lat' dir='ltr'>(loeta</span> <span class='ocrx_word' id='word_1_280' title='bbox 987 3405 1059 3459; x_wconf 84' lang='lat' dir='ltr'>Berl.</span> <span class='ocrx_word' id='word_1_281' title='bbox 1076 3407 1149 3476; x_wconf 92' lang='lat' dir='ltr'>phil.</span> 
     </span>
     <span class='ocr_line' id='line_1_36' title="bbox 132 3471 617 3619; baseline 0.021 -24"><span class='ocrx_word' id='word_1_282' title='bbox 132 3471 617 3619; x_wconf 40' lang='grc' dir='ltr'>’1011111111ἒέῗῖἷὲ</span> 
     </span>
    </p>
   </div>
   <div class='ocr_carea' id='block_1_4' title="bbox 0 0 1234 3848">
    <p class='ocr_par' dir='ltr' id='par_1_5' title="bbox 0 0 1234 3848">
     <span class='ocr_line' id='line_1_37' title="bbox 0 0 1234 3848; baseline 0 1"><span class='ocrx_word' id='word_1_283' title='bbox 0 0 1234 3848; x_wconf 95' lang='lat' dir='ltr'> </span> 
     </span>
    </p>
   </div>
  </div>
 </body>
</html>
