2460 3848
561 160 587 214 Π
606 166 634 228 ⁷3
654 167 670 215 8
1060 164 1123 228 103

108 327 194 404 sunt,
218 343 299 405 quae
322 323 459 406 imperat
480 327 580 407 pater,
604 329 659 387 eut
682 326 811 408 turpia',
833 347 937 409 neque
960 323 1069 408 ὑγιὲς
1093 331 1125 390 et
1134 344 1169 391 22

109 415 278 493 νόμιμον
310 411 588 495 διεζευγμένον
617 414 718 477 videri
746 418 861 497 potest.
911 415 1010 478 Deest
1038 416 1123 478 enim

111 500 301 564 diiunctioni
324 500 378 563 isti
396 502 540 565 tertium:
566 501 633 565 ‘aut
650 514 754 586 neque
772 501 909 567 honesta
927 508 1002 567 sunt
1019 525 1125 586 neque

109 588 237 671 turpia’.
293 587 385 664 Quod
417 591 445 652 si
478 589 619 672 additur,
650 613 717 655 non
747 596 855 674 potest
886 595 931 655 ita
963 593 1124 656 oonoludi:

84 677 298 759 5‘numquam
322 681 370 742 est
393 679 493 762 igitur
514 681 599 762 patri
622 680 819 762 parendum'.

578 871 658 936 VIII

110 992 190 1056 Quod
212 1010 312 1062 purum
336 1009 426 1061 aequa
449 993 628 1061 reprehensio
652 993 767 1062 Epicuri
787 1010 803 1047 a
821 995 972 1050 Plutarcho
991 995 1068 1050 faeta
1088 997 1126 1050 sit

144 1065 174 1117 in
193 1065 358 1133 synlogismi
378 1065 536 1133 disciplina.

175 1190 407 1254 Plutarchus
441 1191 606 1254 seeundo
635 1190 837 1273 librorum,
871 1214 951 1274 quos
979 1193 1023 1256 de
1050 1193 1124 1256 Ho-
1153 1210 1168 1257 1

68 1310 94 1348 io
109 1300 210 1342 mero
240 1280 421 1361 composuit
444 1278 579 1360 (VHp.
598 1284 660 1342 100
678 1279 802 1363 Baro),
830 1281 1005 1362 inperfecte
1028 1285 1125 1363 atque

109 1371 313 1450 praepostere
341 1370 437 1449 atque
465 1368 579 1431 inseite
603 1369 801 1452 synlogismo
825 1391 894 1432 esse
917 1391 1011 1433 usum
1034 1369 1125 1452 Epi-

110 1476 239 1517 curum
258 1454 336 1518 dieit
353 1455 515 1537 verboque
533 1456 604 1538 ipsa
621 1454 782 1538 Epicuri
796 1457 883 1538 (sent.
899 1457 940 1520 ΙΙ
948 1479 981 1538 p.
998 1462 1039 1520 71
1058 1457 1125 1540 Ue.)

109 1544 214 1625 ponit:
236 1541 271 1606 ‘0
293 1543 466 1619 θάνατος
490 1540 608 1608 οὐδὲν
631 1545 726 1629 πρὸς
748 1545 857 1629 ἡμᾶς’
882 1546 922 1609 τὸ
946 1547 1018 1630 γὰρ
1043 1547 1125 1609 θια-

110 1627 233 1696 sueto
267 1631 516 1715 ἀναισθητεῖ·
553 1635 594 1697 τὸ
627 1629 668 1696 δὲ
701 1632 974 1716 ἀναισθητοῦν
1007 1631 1125 1698 οὐδὲν

69 1749 94 1789 15
108 1720 204 1804 πρὸς
221 1720 327 1804 ἡμᾶς.
366 1720 461 1785 ‘Nam
480 1722 715 1805 praetermisit‚'
735 1724 841 1806 inquit
861 1723 959 1807 ‘quod
974 1725 1008 1787 in
1021 1724 1125 1806 prima
1153 1739 1170 1787 2

108 1813 200 1892 parte
232 1832 357 1874 sumere
389 1811 514 1894 debuit,
546 1812 604 1875 τὸν
636 1811 788 1876 θάνατον
820 1807 906 1876 εἶναι
935 1822 1043 1896 ψυχῆς
1069 1810 1125 1876 καὶ

108 1899 258 1981 σώματος
295 1900 465 1982 ὃιάλνσιν,
501 1904 581 1963 tune
617 1900 731 1964 deinde
768 1902 881 1964 eodem
915 1902 1001 1985 ipso,
1038 1900 1126 1983 quod
1153 1916 1170 1962 3
1219 1956 1226 1967 t

109 1988 272 2069 omiserat,
306 1989 397 2070 quasi
427 1989 534 2070 posito
563 2010 774 2068 concessoque
802 1989 842 2052 ad
870 1989 1125 2053 confirmandum

109 2076 195 2137 aliud
219 2077 328 2138 utitur.
370 2075 524 2160 Progredi
547 2080 654 2139 autem
677 2075 741 2139 hie’
767 2078 873 2158 inquit
894 2077 1124 2162 ‘synlogismus
1153 2093 1170 2139 4

68 2189 95 2228 ao
108 2163 171 2224 nisi
195 2163 251 2225 illo
275 2164 365 2244 prius
388 2165 494 2245 posito
518 2185 584 2226 non
606 2165 734 2246 potest?

175 2248 260 2313 Vere
291 2250 353 2314 hoo
386 2250 515 2332 quidem
542 2249 793 2314 Plutarchus
826 2252 865 2314 de
896 2253 1000 2315 forma
1028 2255 1125 2334 atque
1153 2267 1169 2315 5

110 2337 221 2400 ordine
249 2337 440 2422 synlogismi
469 2339 604 2421 scripsit.
649 2337 735 2402 Nam
761 2341 802 2422 si,
828 2341 922 2403 utin
946 2340 1124 2422 disciplinis

108 2424 255 2508 traditur,
278 2428 324 2490 ita
347 2425 498 2511 colligere
519 2431 551 2490 et
568 2428 753 2491 ratiocinari
771 2429 860 2510 velis,
884 2428 931 2492 sie
949 2428 1013 2491 dici
1031 2449 1125 2511 opor-

109 2518 168 2578 tet:
201 2514 219 2579 ὁ
251 2516 399 2590 θάνατος
431 2525 538 2599 ψυχῆς
568 2514 623 2580 καὶ
651 2516 800 2599 σώματος
828 2517 992 2592 eruloru-
1022 2517 1059 2580 τὸ
1088 2513 1125 2580 δὲ

68 2631 93 2671 as
109 2600 273 2668 διαλυθὲν
300 2603 508 2687 ἀναισθητεῖ·
536 2606 573 2669 τὸ
602 2601 639 2668 δὲ
667 2604 895 2687 ἀναισθητοῦν
919 2604 1019 2670 οὐδὲν
1042 2606 1125 2690 πρὸς

107 2692 198 2774 ἡμᾶς.
241 2691 303 2756 Sed
321 2692 527 2776 Epicurus,
550 2693 729 2758 cuiusmodi
751 2693 890 2776 homost,
912 2717 979 2758 non
996 2695 1124 2758 inscitia
1153 2710 1170 2757 6

107 2781 234 2844 videtur
257 2786 381 2865 partem
404 2784 499 2847 istam
523 2784 714 2867 synlogismi
732 2782 996 2865 praetermisisse,
1018 2805 1124 2864 neque
1153 2799 1169 2846 7

107 2870 141 2932 id
168 2870 198 2933 ei
225 2871 392 2956 negotium
420 2871 483 2935 fuit
510 2871 747 2956 synlogismum
774 2876 940 2954 tamquam
968 2873 1003 2934 in
1028 2870 1124 2935 scolis

107 2957 376 3041 philosophorum
400 2981 473 3024 cum
497 2961 562 3024 suis
584 2961 725 3024 numeris
746 2961 895 3023 omnibus
914 2963 947 3024 et
966 2980 1039 3023 oum
1058 2961 1125 3024 suis

66 3073 94 3113 ro
108 3047 227 3111 finibus
255 3048 374 3131 dicere,
404 3049 459 3112 sed
486 3050 645 3132 profesto,
674 3048 751 3132 quia
778 3049 937 3133 separatio
965 3049 1065 3112 animi
1094 3053 1125 3112 et

179 3243 196 3290 4
223 3240 247 3291 si
274 3240 337 3292 add.
362 3256 411 3294 οηι.
432 3245 454 3291 V
478 3240 502 3293 si
525 3241 619 3310 turpia
643 3241 758 3294 addItur
776 3241 958 3310 PthonP
982 3256 1032 3296 om.
1051 3239 1126 3311 val

108 3315 122 3362 7
151 3311 237 3378 pacta
252 3309 279 3362 ’ω
302 3327 370 3364 corr.
393 3312 441 3365 Gr.
486 3315 582 3365 eraota
601 3314 640 3381 ςΙΙ
655 3317 688 3365 13
712 3311 800 3367 λυθὲν
822 3313 898 3367 Prot.
922 3317 1018 3366 eontra
1041 3312 1123 3378 Epio.

106 3381 174 3434 beat.
189 3382 249 3449 27η
265 3386 298 3435 18
321 3381 357 3434 ad
376 3329 484 3435 eoeond
501 3385 594 3451 81122
615 3382 640 3436 si
657 3385 690 3435 ut
708 3399 724 3435 ο
743 3383 816 3436 sieut
835 3403 856 3435 ω
877 3383 908 3448 si,
929 3383 1001 3435 siout
1020 3381 1125 3449 Hortall

108 3455 141 3503 26
156 3449 241 3519 ἡμᾶς·
253 3451 290 3574 gl
301 3447 352 3507 odo
362 3451 488 3515 θάνατος
498 3453 582 3508 οὐδὲν
591 3454 663 3520 πρὸς
671 3452 766 3525 ἡμᾶς)
777 3455 902 3506 Eussner
912 3452 1150 3520 lanimem-uh

108 3525 141 3573 28
161 3521 191 3574 id
206 3523 244 3593 ei]
284 3522 321 3575 EI
330 3528 353 3574 Δ
367 3525 395 3576 et
410 3523 456 3578 dei
466 3523 550 3598 Rlitt
572 3524 633 3580 suis
647 3525 781 3596 prtuslh
793 3540 849 3578 om.
859 3522 949 3590 olith
963 3517 1072 3577 QX&
1082 3511 1167 3555 W*
