2460 3848
476 183 681 238 PRAEFATIO
999 173 1086 238 mn

68 373 128 430 quo
152 352 202 412 Kr.
231 355 352 425 nititur,
379 353 445 412 loco
468 373 497 430 p.
518 354 591 426 246,
611 355 653 413 30
676 354 782 415 Festus
804 354 938 414 Varrone
960 353 1082 413 laudato

68 442 104 503 (15
132 443 352 520 praepositione
374 442 601 519 proloquitur,
629 443 680 502 sed
703 444 795 502 etiam
818 444 892 518 226,
912 445 945 518 3,
969 445 1043 518 222,
1063 445 1082 500 4

68 535 108 607 55,
131 531 184 590 ubi
205 530 346 590 05555515
369 532 499 604 arcessit,
525 533 668 605 234,10.
710 533 840 592 Tantum
862 533 994 609 spatium
1016 551 1083 592 cum

69 623 98 678 ei
121 621 335 697 praepositioni
352 621 530 680 concesserit
549 620 754 697 similiterque,
777 623 812 680 ut
830 641 885 699 par
903 623 983 697 5555,-
998 641 1083 698 prae-

65 709 267 790 positionibus
285 710 319 767 ob
338 729 366 785 p.
388 709 460 783 178,
482 709 536 783 14,
562 711 634 783 190,
654 713 687 785 2,
711 712 784 784 201,
804 711 833 785 5,
856 709 942 789 adp.
964 712 1083 786 12,15,

70 799 151 871 opscd
179 801 228 872 12,
254 799 303 872 16,
331 800 364 856 ic
389 800 461 871 109,
482 801 532 871 21,
560 815 648 872 super
675 790 756 879 (cum
785 798 906 859 0555515
934 793 1082 881 exemplo)

71 888 192 962 305,1,
215 905 336 947 causam
358 905 418 945 555
441 887 536 961 51155,
559 906 612 947 cur
634 888 773 964 propiore
791 888 873 947 15555
892 889 1026 967 neglecto
1045 889 1083 948 ad

68 976 185 1055 longius
213 976 374 1036 distantem
401 994 594 1036 recurramus.
639 976 749 1035 Vtrum
773 977 866 1036 fuerit
888 978 985 1037 maius
1007 995 1082 1054 opus

68 1065 104 1124 (15
127 1065 284 1124 verborum
307 1064 477 1142 significatu
500 1083 539 1124 55
561 1065 646 1139 illud,
669 1083 728 1141 quo
752 1066 788 1125 (15
811 1065 941 1126 obscuris
962 1065 1082 1126 0555515

68 1154 224 1232 agebatur,
253 1173 313 1213 555
338 1153 466 1213 discerni
488 1154 588 1229 potest
611 1173 706 1228 neque
729 1155 858 1213 muitum
879 1155 978 1213 551555.
1026 1153 1083 1213 Sed

67 1262 251 1320 quamquam
273 1243 399 1302 fortasse
422 1262 482 1301 non
504 1242 584 1316 11555,
606 1241 682 1302 libet
701 1242 841 1321 progredi
859 1243 896 1301 5(1
915 1242 1082 1302 audaciora.

69 1331 167 1410 Oaput
190 1333 320 1408 primum
343 1330 381 1389 ad
403 1330 547 1390 Varronis
571 1349 645 1407 cpus
668 1331 714 1390 bis
737 1333 923 1390 nominatum
946 1332 1083 1391 certatim

67 1421 203 1496 plerique
226 1420 448 1493 revocaverunt,
471 1437 548 1478 5555
570 1420 681 1480 Μ15551(
703 1420 750 1478 Dc
772 1419 914 1479 Varronis
931 1421 1020 1492 antiq.
1041 1421 1083 1480 60

68 1509 286 1568 dubitationem
312 1509 408 1567 movit
429 1508 547 1568 collatis
570 1508 644 1568 XIII
664 1511 714 1584 12,
734 1509 768 1583 4,
788 1510 821 1584 5,
842 1510 859 1566 7
884 1510 1082 1569 intercessisse

67 1601 151 1681 ratus
170 1598 294 1657 Ateium
314 1597 497 1675 Capitonem.
539 1596 765 1658 Dubitationem
787 1599 899 1658 iustam
922 1600 1005 1675 puto,
1027 1598 1083 1657 151-

68 1705 147 1760 555,
175 1687 322 1763 quomodo
351 1687 521 1765 expedierit.
567 1687 683 1747 Nomen
705 1687 813 1746 1551155
841 1685 1082 1758 5515515515-

66 1778 198 1836 ris-stum
220 1779 340 1853 praeter
357 1777 522 1836 Varronem
541 1775 561 1851 ὅ
582 1780 598 1835 1
620 1780 651 1836 55
668 1798 691 1836 5.
710 1797 733 1835 5.
752 1776 783 1836 Π
804 1780 831 1850 1,
848 1778 865 1835 9
887 1767 1082 1858 (circulum.

68 1864 111 1923 VI
129 1884 173 1942 pr.
195 1857 227 1946 7)
247 1865 370 1925 Verrius
388 1867 557 1943 capessivit,
581 1866 633 1926 515.
652 1866 736 1926 Ρ551.
755 1887 783 1944 p.
805 1866 877 1940 106,
894 1867 926 1940 7,
949 1865 1029 1924 idem
1047 1864 1083 1923 de

67 1955 163 2013 multa
185 1956 315 2013 maxima
337 1975 366 2031 p.
389 1956 460 2029 144,
480 1956 500 2013 4
520 1947 609 2035 (213,
629 1948 695 2036 22),
718 1954 755 2014 (15
777 1955 843 2032 lege
861 1953 990 2032 Tarpeia
1009 1955 1082 2027 237,

70 2044 108 2100 16
134 2034 238 2122 (paulo
262 2043 351 2102 aliter
375 2045 447 2117 202,
469 2036 567 2124 11)¹),
592 2043 628 2103 (15
651 2045 732 2103 55515
754 2045 816 2102 ocis
838 2062 945 2121 genere
967 2035 1081 2122 virili²)

68 2131 261 2206 p.286,18,
285 2132 320 2188 (15
344 2150 415 2190 voce
437 2131 531 2190 (55155
554 2133 721 2210 alienigena
744 2152 772 2208 p.
793 2133 866 2206 142,
887 2134 925 2190 21
952 2151 988 2190 ex
1007 2131 1082 2189 Var-

68 2220 150 2277 ronis
169 2221 282 2294 quaest.
303 2221 397 2295 epist,
421 2220 456 2277 (15
480 2218 664 2280 Samnitibus
687 2218 841 2278 eSabiuis
864 2221 937 2279 ortis
960 2240 988 2297 p.
1010 2222 1083 2292 327,

71 2309 104 2379 2,
133 2306 206 2380 326,
227 2307 249 2364 6
278 2308 351 2385 agit,
400 2307 448 2365 En
475 2304 566 2366 Gellii
596 2307 734 2367 horreum
760 2309 910 2367 frumento
936 2308 1082 2368 Verriano

69 2394 220 2454 refertum.
266 2395 372 2472 Itaque
400 2414 467 2454 cnm
490 2396 613 2455 Verrius
639 2397 715 2456 tales
740 2399 1082 2479 55515555555555-

68 2484 185 2559 laverit,
205 2481 336 2544 Gellium
354 2483 478 2544 eandem
497 2503 618 2563 operam
637 2484 760 2546 subiisse
779 2506 862 2567 nego,
881 2485 933 2546 aed
951 2506 986 2546 ex
999 2487 1081 2559 Illius

67 2575 166 2633 farina
193 2593 303 2632 novum
328 2593 436 2652 panem
458 2575 546 2634 coxit.
592 2573 687 2636 Locus
712 2574 894 2636 0555515555
917 2576 997 2654 apud
1020 2576 1082 2634 Au·

66 2666 203 2741 3555555
231 2665 304 2740 quin
331 2664 492 2739 exstiterit,
522 2663 621 2724 nullus
649 2665 766 2740 dubit03
798 2666 889 2724 immo
915 2665 965 2725 hic
992 2685 1081 2726 55555

65 2753 124 2811 toti
151 2753 344 2828 explicationi
370 2753 442 2828 1515,
469 2753 515 2813 155
541 2755 576 2812 55
602 2755 629 2814 51
654 2754 787 2828 ordinem
809 2754 920 2815 laboris
944 2773 962 2813 5
985 2752 1081 2813 Gellio

65 2841 212 2918 insumpti
235 2841 390 2903 observare
413 2843 497 2919 velis,
520 2845 627 2920 capitis
651 2847 736 2902 tenor
758 2845 845 2919 quasi
862 2845 942 2902 retro
961 2844 1001 2902 515
1019 2845 1080 2901 551-

65 2930 186 2990 vendus.
227 2930 293 2990 Iam
310 2931 434 2992 Verrius
457 2934 569 2991 1551
596 2933 626 2991 et
650 2934 668 2992 3
693 2951 853 3009 expensum
874 2931 955 2990 55115.
997 2929 1081 3000 Quod

64 3017 187 3099 siquis
213 3019 408 3081 confidentior
432 3020 524 3080 etiam
547 3021 672 3081 51555155
695 3022 802 3097 capitis
826 3020 992 3080 1155551555
1014 3037 1081 3078 555

65 3108 131 3166 loco
151 3107 299 3168 Ciceronis
323 3111 351 3168 51
371 3109 566 3169 adnumerare
584 3111 666 3184 velit,
689 3129 749 3168 non
766 3111 828 3167 ism
846 3127 961 3184 sequar.
1002 3108 1081 3167 Nam

65 3198 205 3257 carminis
237 3198 281 3257 (15
303 3198 434 3258 moribus
462 3217 530 3258 cum
557 3217 610 3259 555
637 3199 707 3257 5515
733 3217 787 3258 555
813 3197 974 3276 vestigium
1001 3197 1081 3274 apud

86 3453 93 3504 g
117 3452 123 3464 ¹
139 3424 164 3489 l)
183 3386 400 3546 Vffluisqnam
415 3420 521 3476 obiciat
535 3420 627 3490 legem
636 3420 788 3490 Tarpeiam
800 3419 1002 3483 (1151515555,
1013 3419 1103 3466 Iners

64 3508 329 3629 ιι1111119)11)5ΘΝ(11115
342 3562 385 3618 HI
393 3582 422 3634 p.
440 3571 504 3635 216,
520 3571 556 3622 25
576 3567 624 3624 vd.
638 3566 736 3624 115555
751 3564 953 3638 0p.Gr.1‘aa.
