2460 3848
473 159 678 214 PRAEFATIO
1021 160 1081 213 aix

63 331 189 390 oonsilio
217 330 249 388 id
271 329 364 389 tribui
386 328 466 389 haud
489 330 576 389 facile
599 333 705 408 potest.
752 330 852 406 Atque
876 330 987 407 optime
1010 349 1078 390 oon-

64 421 157 493 venit,
181 417 261 495 quod
283 419 424 478 divinatio
445 420 478 477 in
499 417 577 479 libro
600 421 690 478 tertio
714 421 811 496 operis
835 421 907 493 eius,
929 423 1024 478 rotare
1046 421 1079 477 in

64 509 192 585 septimo
211 510 349 568 enarrata
366 507 549 586 legebantur.
590 508 743 582 Podarces,
766 511 792 568 si
812 510 892 567 tanti
911 510 964 583 est,
986 510 1079 567 etiam

65 597 146 673 apud
174 597 310 655 Verrium
338 597 427 655 verbo
449 615 562 672 porcus
590 597 793 672 antecedebat,
822 597 902 673 quod
929 616 964 656 ex
991 597 1079 656 Pauli

61 686 204 759 pellurius
231 677 273 767 (p.
299 678 376 767 210)
410 690 440 745 et
466 689 581 761 percito
610 687 742 760 linquam
770 677 812 767 (p.
838 679 916 767 222)
944 687 1077 765 colligas.

65 774 142 834 Aliis
160 777 191 834 in
210 775 352 849 fontibus,
374 794 411 834 ne
431 776 557 834 imbrem
574 777 607 834 in
625 775 755 837 cribrum
773 778 916 855 ingeram,
940 796 999 836 uon
1017 777 1078 834 iam

64 863 209 923 morabor.

130 1060 174 1118 De
197 1062 322 1134 ratione,
346 1079 436 1135 quam
458 1061 491 1118 in
513 1060 569 1119 hac
592 1060 722 1119 editione
743 1063 861 1120 secutus
880 1079 953 1135 sum,
977 1063 1077 1120 omnia

62 1150 123 1208 fere
157 1151 219 1208 iam
251 1151 409 1225 praecepta
441 1151 518 1208 sunt.
573 1148 762 1226 Apparatum
793 1148 909 1207 Hertzii
941 1151 1078 1208 criticum

61 1240 228 1298 correctum
260 1257 295 1296 ex
323 1236 534 1296 additamentis
561 1230 707 1318 Kuhnii¹)
735 1238 767 1295 in
795 1239 920 1296 artiores
948 1255 1077 1298 carceres

61 1327 163 1405 redegi
186 1326 309 1386 abiectis
332 1344 426 1402 paene
449 1324 594 1399 omnibus,
618 1345 693 1402 quae
714 1325 753 1385 ad
771 1327 959 1401 quaestiones
978 1327 1078 1386 ortho-

61 1417 220 1494 graphicas
239 1417 384 1493 spectant,
402 1418 556 1491 praeterea
574 1414 671 1474 verbis
690 1417 796 1492 aperta
813 1416 929 1474 incuria
948 1418 977 1473 et
995 1416 1077 1475 festi·

61 1508 184 1564 natione
207 1503 399 1563 librariorum
421 1503 608 1578 deformatis,
636 1506 766 1578 omissis,
791 1505 996 1580 transpositis,
1019 1507 1078 1564 nisi

61 1594 134 1654 haec
162 1593 201 1653 ad
228 1594 518 1671 consanguinitatem
545 1593 680 1653 codicum
705 1592 939 1672 cognoscendam
962 1593 1077 1669 ahquid

61 1684 206 1742 momenti
237 1682 435 1742 conferebant.
485 1682 521 1740 lu
551 1683 779 1760 orthographia,
811 1681 863 1740 ubi
890 1701 943 1741 neo
970 1684 1077 1759 palim-

61 1775 177 1848 psestus
205 1791 259 1831 nec
284 1771 393 1846 reliqui
416 1771 486 1830 libri
509 1771 596 1832 duces
620 1775 690 1831 sunt
712 1771 847 1844 stabiles,
875 1775 987 1831 certam
1009 1792 1077 1832 nor-

61 1879 142 1919 mam
164 1881 224 1921 non
248 1862 334 1919 auxie
357 1862 510 1938 pressino
533 1858 630 1920 Gellio
654 1861 773 1936 quidem
797 1880 814 1918 a
838 1860 979 1934 fontium,
1002 1874 1076 1936 quos

61 1951 257 2025 exprimebat,
286 1953 320 2008 ut
348 1953 522 2028 argumento
550 1951 595 2009 ita
621 1949 770 2010 scribendi
796 1950 912 2009 ratione
935 1948 1077 2026 pendenti

61 2039 138 2099 hano
161 2041 328 2099 constitisse
348 2042 440 2099 ratus.
483 2037 673 2098 Coniecturae
692 2041 825 2098 virorum
843 2037 998 2097 doctorum
1015 2040 1077 2097 iam

62 2126 142 2202 apud
156 2127 310 2186 Hertzium
329 2130 477 2188 exstantes
496 2147 556 2186 non
574 2126 687 2203 protuli
705 2129 763 2187 nisi
778 2127 982 2205 gravissimae,
1001 2146 1076 2203 quae

63 2217 133 2290 post
150 2234 214 2273 eum
235 2219 367 2276 tentatae
385 2221 463 2290 sunt,
486 2217 614 2294 largiore
633 2235 723 2275 manu
742 2216 863 2292 profudi
880 2219 999 2274 tanturn
1017 2235 1077 2274 non

64 2321 173 2362 omnes.
220 2304 252 2362 Si
279 2307 437 2365 nonnullae
463 2305 563 2365 oculos
587 2306 788 2381 conquirentis
812 2305 966 2383 fugerunt,
992 2306 1076 2383 igno-

63 2395 154 2466 scent,
177 2394 230 2468 qui
252 2394 503 2454 consideraverint
525 2395 600 2454 tales
621 2395 731 2454 multas
749 2395 842 2453 latere
861 2412 920 2452 non
938 2393 1025 2453 modo
1045 2396 1077 2451 in

62 2481 329 2557 dissertationibus,
354 2503 430 2560 quae
453 2503 561 2543 nomen
585 2482 674 2542 Gellii
697 2483 798 2561 palam
820 2502 892 2560 prae
915 2502 945 2542 se
968 2483 1077 2557 fenrnt,

61 2571 223 2630 sedetiam
241 2571 273 2630 in
291 2575 369 2632 notis
389 2573 426 2632 ad
445 2574 613 2651 fragmenta
631 2574 839 2646 scaenicorum,
858 2573 1076 2645 historicorum,

61 2663 214 2720 oratorum
232 2665 287 2720 etc.
312 2662 439 2738 scriptis,
464 2681 537 2737 quas
561 2664 596 2720 ut
618 2681 718 2721 omnes
741 2663 953 2741 investigarem
976 2664 1006 2720 et
1029 2680 1075 2719 exe

60 2752 203 2824 auterem,
230 2750 296 2809 fieri
323 2752 373 2808 vix
400 2742 537 2830 potuit.²)
587 2750 744 2810 Praeterea
770 2752 936 2810 monuerim
963 2751 1013 2827 agi
1040 2750 1077 2809 de

60 2837 191 2898 editione
219 2837 321 2911 Gellii,
353 2858 413 2898 non
442 2841 563 2898 illorum
590 2841 769 2915 scriptorum
796 2843 942 2913 veterum,
973 2841 1076 2914 itaque

60 2947 126 2986 meo
150 2928 214 2986 iure
237 2927 378 3003 praeterii
399 2947 448 2987 eas
467 2928 659 3000 coniecturas,
683 2946 844 3004 quaecum
862 2928 931 2987 illos
949 2928 1076 2987 fortasse

60 3019 140 3075 recte
163 3015 332 3090 emendent,
359 3015 487 3076 Gellium
510 3019 611 3076 tamen
634 3018 723 3075 aliter
745 3036 775 3075 se
798 3018 895 3095 legere
918 3017 1075 3076 manifesto

60 3104 243 3164 indicantem
270 3105 460 3182 interpolent.
507 3104 641 3163 Similem
668 3105 705 3165 ob
734 3124 855 3165 causam
879 3106 911 3163 in
934 3107 1075 3182 exemplis

61 3194 162 3254 allatis
194 3194 336 3253 lectiones
367 3195 400 3253 in
432 3198 545 3266 textum
577 3193 763 3270 recipiendae
790 3198 876 3254 erant
903 3213 968 3268 eae,
1000 3214 1075 3270 quae

134 3400 159 3466 l)
178 3398 313 3452 Fleckeis.
329 3414 392 3451 ann.
408 3397 499 3468 suppl.
515 3398 579 3451 XXI
598 3397 710 3466 Lipsiae
725 3404 797 3453 1894
808 3418 839 3468 p.
852 3405 948 3465 hano„

132 3473 159 3538 2)
177 3469 264 3524 Verbi
292 3485 377 3523 causa
405 3469 440 3525 de
467 3469 582 3526 oraculo
611 3469 748 3526 Arretino
772 3470 829 3541 tm
843 3471 926 3534 ‘³⁵sz
941 3455 1120 3514 haecum

62 3539 235 3608 disputatio
256 3540 398 3597 Thesauro
418 3541 538 3617 liuguae
556 3543 686 3600 Latinae
701 3541 782 3614 llp.
797 3543 912 3605 baffi.
1018 3585 1020 3589 ,

1198 3610 1210 3705 t
