<?xml version="1.0" encoding="UTF-8"?>
<!DOCTYPE html PUBLIC "-//W3C//DTD XHTML 1.0 Transitional//EN"
    "http://www.w3.org/TR/xhtml1/DTD/xhtml1-transitional.dtd">
<html xmlns="http://www.w3.org/1999/xhtml" xml:lang="en" lang="en">
 <head>
  <title>
</title>
<meta http-equiv="Content-Type" content="text/html;charset=utf-8" />
  <meta name='ocr-system' content='tesseract 3.04.00' />
  <meta name='ocr-capabilities' content='ocr_page ocr_carea ocr_par ocr_line ocrx_word'/>
</head>
<body>
  <div class='ocr_page' id='page_1' title='image "agelliinoctivma00gellgoog_0092.png"; bbox 0 0 2460 3848; ppageno 0'>
   <div class='ocr_carea' id='block_1_1' title="bbox 442 151 1108 218">
    <p class='ocr_par' dir='ltr' id='par_1_1' title="bbox 442 151 1108 218">
     <span class='ocr_line' id='line_1_1' title="bbox 442 151 1108 218; baseline -0.005 -11"><span class='ocrx_word' id='word_1_1' title='bbox 442 151 621 208; x_wconf 83' lang='lat' dir='ltr'>CAPITVLA</span> <span class='ocrx_word' id='word_1_2' title='bbox 639 151 705 207; x_wconf 79' lang='grc' dir='ltr'>ΗΒ.</span> <span class='ocrx_word' id='word_1_3' title='bbox 725 152 751 206; x_wconf 85' lang='grc' dir='ltr'>Χ</span> <span class='ocrx_word' id='word_1_4' title='bbox 1063 153 1108 218; x_wconf 78' lang='lat'>23</span> 
     </span>
    </p>
   </div>
   <div class='ocr_carea' id='block_1_2' title="bbox 74 313 1129 3517">
    <p class='ocr_par' dir='ltr' id='par_1_2' title="bbox 76 313 1109 491">
     <span class='ocr_line' id='line_1_2' title="bbox 76 313 1109 401; baseline 0.001 -21"><span class='ocrx_word' id='word_1_5' title='bbox 76 340 79 345; x_wconf 92' lang='lat'>·</span> <span class='ocrx_word' id='word_1_6' title='bbox 152 314 185 380; x_wconf 93' lang='lat' dir='ltr'><strong>V</strong></span> <span class='ocrx_word' id='word_1_7' title='bbox 212 313 360 381; x_wconf 78' lang='lat' dir='ltr'>‘Avarus&#39;</span> <span class='ocrx_word' id='word_1_8' title='bbox 384 315 563 400; x_wconf 83' lang='lat' dir='ltr'>simplexne</span> <span class='ocrx_word' id='word_1_9' title='bbox 585 317 779 381; x_wconf 86' lang='lat' dir='ltr'>vocabulum</span> <span class='ocrx_word' id='word_1_10' title='bbox 802 317 857 400; x_wconf 88' lang='lat' dir='ltr'>sit,</span> <span class='ocrx_word' id='word_1_11' title='bbox 883 339 925 381; x_wconf 90' lang='lat' dir='ltr'>an</span> <span class='ocrx_word' id='word_1_12' title='bbox 948 318 1109 401; x_wconf 84' lang='lat' dir='ltr'>composi·</span> 
     </span>
     <span class='ocr_line' id='line_1_3' title="bbox 79 403 836 491; baseline -0.003 -21"><span class='ocrx_word' id='word_1_13' title='bbox 79 409 155 470; x_wconf 89' lang='lat' dir='ltr'>tum</span> <span class='ocrx_word' id='word_1_14' title='bbox 179 409 211 469; x_wconf 98' lang='lat' dir='ltr'>et</span> <span class='ocrx_word' id='word_1_15' title='bbox 234 406 361 489; x_wconf 82' lang='lat' dir='ltr'>duplex,</span> <span class='ocrx_word' id='word_1_16' title='bbox 386 407 469 470; x_wconf 87' lang='lat' dir='ltr'>siout</span> <span class='ocrx_word' id='word_1_17' title='bbox 491 405 525 469; x_wconf 88' lang='lat' dir='ltr'>P.</span> <span class='ocrx_word' id='word_1_18' title='bbox 544 403 679 491; x_wconf 81' lang='lat' dir='ltr'>Nigidio</span> <span class='ocrx_word' id='word_1_19' title='bbox 702 406 836 471; x_wconf 87' lang='lat' dir='ltr'>videtur.</span> 
     </span>
    </p>

    <p class='ocr_par' dir='ltr' id='par_1_3' title="bbox 74 492 1106 668">
     <span class='ocr_line' id='line_1_4' title="bbox 74 492 1106 580; baseline 0 -22"><span class='ocrx_word' id='word_1_20' title='bbox 74 552 76 557; x_wconf 86' lang='lat'><em>.</em></span> <span class='ocrx_word' id='word_1_21' title='bbox 152 492 199 558; x_wconf 93' lang='lat' dir='ltr'>VI</span> <span class='ocrx_word' id='word_1_22' title='bbox 230 493 366 559; x_wconf 87' lang='lat' dir='ltr'>Multam</span> <span class='ocrx_word' id='word_1_23' title='bbox 394 495 512 559; x_wconf 86' lang='lat' dir='ltr'>dictam</span> <span class='ocrx_word' id='word_1_24' title='bbox 540 516 610 559; x_wconf 90' lang='lat' dir='ltr'>esse</span> <span class='ocrx_word' id='word_1_25' title='bbox 637 496 677 559; x_wconf 95' lang='lat' dir='ltr'>ab</span> <span class='ocrx_word' id='word_1_26' title='bbox 705 494 863 560; x_wconf 91' lang='lat' dir='ltr'>aedilibus</span> <span class='ocrx_word' id='word_1_27' title='bbox 886 493 993 579; x_wconf 89' lang='lat' dir='ltr'>plebei</span> <span class='ocrx_word' id='word_1_28' title='bbox 1016 493 1106 580; x_wconf 84' lang='lat' dir='ltr'>Appi</span> 
     </span>
     <span class='ocr_line' id='line_1_5' title="bbox 80 581 1104 668; baseline 0 -20"><span class='ocrx_word' id='word_1_29' title='bbox 80 581 288 667; x_wconf 72' lang='lat' dir='ltr'>caecinnae,</span> <span class='ocrx_word' id='word_1_30' title='bbox 306 585 435 648; x_wconf 90' lang='lat' dir='ltr'>mulieri</span> <span class='ocrx_word' id='word_1_31' title='bbox 449 583 561 667; x_wconf 85' lang='lat' dir='ltr'>nobili,</span> <span class='ocrx_word' id='word_1_32' title='bbox 576 585 663 668; x_wconf 90' lang='lat' dir='ltr'>quod</span> <span class='ocrx_word' id='word_1_33' title='bbox 676 583 884 655; x_wconf 79' lang='lat' dir='ltr'>locutaesset</span> <span class='ocrx_word' id='word_1_34' title='bbox 897 583 1104 668; x_wconf 86' lang='lat' dir='ltr'>petulantius.</span> 
     </span>
    </p>

    <p class='ocr_par' dir='ltr' id='par_1_4' title="bbox 79 671 1105 936">
     <span class='ocr_line' id='line_1_6' title="bbox 151 671 1104 758; baseline 0 -21"><span class='ocrx_word' id='word_1_35' title='bbox 151 671 215 737; x_wconf 90' lang='lat' dir='ltr'>VH</span> <span class='ocrx_word' id='word_1_36' title='bbox 251 672 450 755; x_wconf 83' lang='lat' dir='ltr'>Fluminum,</span> <span class='ocrx_word' id='word_1_37' title='bbox 485 694 568 757; x_wconf 82' lang='lat' dir='ltr'>quae</span> <span class='ocrx_word' id='word_1_38' title='bbox 599 673 684 736; x_wconf 86' lang='lat' dir='ltr'>ultra</span> <span class='ocrx_word' id='word_1_39' title='bbox 716 673 888 758; x_wconf 84' lang='lat' dir='ltr'>imperium</span> <span class='ocrx_word' id='word_1_40' title='bbox 921 672 1104 738; x_wconf 82' lang='lat' dir='ltr'>Romanum</span> 
     </span>
     <span class='ocr_line' id='line_1_7' title="bbox 79 761 1105 848; baseline 0.001 -23"><span class='ocrx_word' id='word_1_41' title='bbox 79 763 198 845; x_wconf 87' lang='lat' dir='ltr'>fluunt,</span> <span class='ocrx_word' id='word_1_42' title='bbox 214 763 319 846; x_wconf 85' lang='lat' dir='ltr'>prima</span> <span class='ocrx_word' id='word_1_43' title='bbox 333 761 555 848; x_wconf 72' lang='lat' dir='ltr'>magnitudine</span> <span class='ocrx_word' id='word_1_44' title='bbox 569 783 637 826; x_wconf 87' lang='lat' dir='ltr'>esse</span> <span class='ocrx_word' id='word_1_45' title='bbox 651 761 774 845; x_wconf 78' lang='lat' dir='ltr'>Nilum,</span> <span class='ocrx_word' id='word_1_46' title='bbox 794 763 932 827; x_wconf 74' lang='lat' dir='ltr'>secunda</span> <span class='ocrx_word' id='word_1_47' title='bbox 946 761 1105 846; x_wconf 82' lang='lat' dir='ltr'>Histrum,</span> 
     </span>
     <span class='ocr_line' id='line_1_8' title="bbox 80 849 1105 936; baseline 0.001 -22"><span class='ocrx_word' id='word_1_48' title='bbox 80 852 231 936; x_wconf 83' lang='lat' dir='ltr'>proxima</span> <span class='ocrx_word' id='word_1_49' title='bbox 245 850 425 935; x_wconf 87' lang='lat' dir='ltr'>Rodanum,</span> <span class='ocrx_word' id='word_1_50' title='bbox 444 850 539 915; x_wconf 90' lang='lat' dir='ltr'>siouti</span> <span class='ocrx_word' id='word_1_51' title='bbox 553 851 594 914; x_wconf 92' lang='lat' dir='ltr'>M.</span> <span class='ocrx_word' id='word_1_52' title='bbox 610 849 788 915; x_wconf 89' lang='lat' dir='ltr'>Varronem</span> <span class='ocrx_word' id='word_1_53' title='bbox 807 852 939 915; x_wconf 88' lang='lat' dir='ltr'>memini</span> <span class='ocrx_word' id='word_1_54' title='bbox 957 852 1105 916; x_wconf 82' lang='lat' dir='ltr'>seribere.</span> 
     </span>
    </p>

    <p class='ocr_par' dir='ltr' id='par_1_5' title="bbox 78 939 1105 1203">
     <span class='ocr_line' id='line_1_9' title="bbox 150 939 1105 1025; baseline 0 -21"><span class='ocrx_word' id='word_1_55' title='bbox 150 939 231 1004; x_wconf 85' lang='lat' dir='ltr'>VIII</span> <span class='ocrx_word' id='word_1_56' title='bbox 253 939 342 1004; x_wconf 83' lang='lat' dir='ltr'>Inter</span> <span class='ocrx_word' id='word_1_57' title='bbox 360 941 553 1025; x_wconf 86' lang='lat' dir='ltr'>ignominias</span> <span class='ocrx_word' id='word_1_58' title='bbox 567 939 732 1022; x_wconf 72' lang='lat' dir='ltr'>militenen,</span> <span class='ocrx_word' id='word_1_59' title='bbox 751 940 868 1025; x_wconf 89' lang='lat' dir='ltr'>quibus</span> <span class='ocrx_word' id='word_1_60' title='bbox 883 940 1002 1004; x_wconf 81' lang='lat' dir='ltr'>milites</span> <span class='ocrx_word' id='word_1_61' title='bbox 1019 962 1105 1005; x_wconf 88' lang='lat' dir='ltr'>ooer-</span> 
     </span>
     <span class='ocr_line' id='line_1_10' title="bbox 81 1029 1105 1115; baseline 0.002 -22"><span class='ocrx_word' id='word_1_62' title='bbox 81 1029 246 1112; x_wconf 81' lang='lat' dir='ltr'>cebantur,</span> <span class='ocrx_word' id='word_1_63' title='bbox 263 1029 362 1093; x_wconf 82' lang='lat' dir='ltr'>fuisse</span> <span class='ocrx_word' id='word_1_64' title='bbox 382 1031 547 1115; x_wconf 80' lang='lat' dir='ltr'>sanguinis</span> <span class='ocrx_word' id='word_1_65' title='bbox 562 1030 796 1112; x_wconf 79' lang='lat' dir='ltr'>dimissionem3</span> <span class='ocrx_word' id='word_1_66' title='bbox 816 1033 847 1093; x_wconf 81' lang='lat' dir='ltr'>et</span> <span class='ocrx_word' id='word_1_67' title='bbox 862 1051 1019 1113; x_wconf 82' lang='lat' dir='ltr'>quaenam</span> <span class='ocrx_word' id='word_1_68' title='bbox 1035 1051 1105 1094; x_wconf 90' lang='lat' dir='ltr'>esse</span> 
     </span>
     <span class='ocr_line' id='line_1_11' title="bbox 78 1118 845 1203; baseline 0 -21"><span class='ocrx_word' id='word_1_69' title='bbox 78 1119 230 1182; x_wconf 79' lang='lat' dir='ltr'>videatur</span> <span class='ocrx_word' id='word_1_70' title='bbox 252 1139 348 1184; x_wconf 82' lang='lat' dir='ltr'>eausa</span> <span class='ocrx_word' id='word_1_71' title='bbox 370 1118 593 1183; x_wconf 84' lang='lat' dir='ltr'>huiuscemodi</span> <span class='ocrx_word' id='word_1_72' title='bbox 616 1119 845 1203; x_wconf 76' lang='lat' dir='ltr'>castigationis.</span> 
     </span>
    </p>

    <p class='ocr_par' dir='ltr' id='par_1_6' title="bbox 78 1206 1106 1450">
     <span class='ocr_line' id='line_1_12' title="bbox 150 1206 1106 1291; baseline 0.001 -20"><span class='ocrx_word' id='word_1_73' title='bbox 150 1206 198 1271; x_wconf 93' lang='lat' dir='ltr'>IX</span> <span class='ocrx_word' id='word_1_74' title='bbox 236 1206 360 1283; x_wconf 86' lang='lat' dir='ltr'>Quibus</span> <span class='ocrx_word' id='word_1_75' title='bbox 396 1208 501 1271; x_wconf 90' lang='lat' dir='ltr'>modis</span> <span class='ocrx_word' id='word_1_76' title='bbox 534 1228 662 1291; x_wconf 84' lang='lat' dir='ltr'>quoque</span> <span class='ocrx_word' id='word_1_77' title='bbox 694 1207 808 1271; x_wconf 90' lang='lat' dir='ltr'>habitu</span> <span class='ocrx_word' id='word_1_78' title='bbox 841 1206 924 1270; x_wconf 82' lang='lat' dir='ltr'>acies</span> <span class='ocrx_word' id='word_1_79' title='bbox 957 1206 1106 1273; x_wconf 83' lang='lat' dir='ltr'>Romana</span> 
     </span>
     <span class='ocr_line' id='line_1_13' title="bbox 81 1295 1105 1380; baseline 0.001 -20"><span class='ocrx_word' id='word_1_80' title='bbox 81 1297 199 1360; x_wconf 84' lang='lat' dir='ltr'>instrui</span> <span class='ocrx_word' id='word_1_81' title='bbox 231 1297 327 1361; x_wconf 90' lang='lat' dir='ltr'>solita</span> <span class='ocrx_word' id='word_1_82' title='bbox 359 1297 413 1378; x_wconf 83' lang='lat' dir='ltr'>sit3</span> <span class='ocrx_word' id='word_1_83' title='bbox 446 1318 591 1380; x_wconf 91' lang='lat' dir='ltr'>quaeque</span> <span class='ocrx_word' id='word_1_84' title='bbox 623 1317 733 1360; x_wconf 88' lang='lat' dir='ltr'>earum</span> <span class='ocrx_word' id='word_1_85' title='bbox 761 1295 1009 1360; x_wconf 75' lang='lat' dir='ltr'>instructionum</span> <span class='ocrx_word' id='word_1_86' title='bbox 1038 1297 1105 1361; x_wconf 90' lang='lat' dir='ltr'>sint</span> 
     </span>
     <span class='ocr_line' id='line_1_14' title="bbox 78 1385 249 1450; baseline -0.012 0"><span class='ocrx_word' id='word_1_87' title='bbox 78 1385 249 1450; x_wconf 81' lang='lat' dir='ltr'>voeabula.</span> 
     </span>
    </p>

    <p class='ocr_par' dir='ltr' id='par_1_7' title="bbox 79 1471 1106 1736">
     <span class='ocr_line' id='line_1_15' title="bbox 150 1471 1102 1557; baseline 0.001 -20"><span class='ocrx_word' id='word_1_88' title='bbox 150 1473 180 1538; x_wconf 95' lang='lat' dir='ltr'>X</span> <span class='ocrx_word' id='word_1_89' title='bbox 209 1473 297 1550; x_wconf 85' lang='lat' dir='ltr'>Quae</span> <span class='ocrx_word' id='word_1_90' title='bbox 321 1475 389 1538; x_wconf 89' lang='lat' dir='ltr'>eius</span> <span class='ocrx_word' id='word_1_91' title='bbox 412 1474 459 1538; x_wconf 92' lang='lat' dir='ltr'>rei</span> <span class='ocrx_word' id='word_1_92' title='bbox 482 1495 577 1539; x_wconf 84' lang='lat' dir='ltr'>eausa</span> <span class='ocrx_word' id='word_1_93' title='bbox 600 1474 651 1557; x_wconf 87' lang='lat' dir='ltr'>sit,</span> <span class='ocrx_word' id='word_1_94' title='bbox 675 1474 762 1557; x_wconf 90' lang='lat' dir='ltr'>quod</span> <span class='ocrx_word' id='word_1_95' title='bbox 785 1478 817 1538; x_wconf 91' lang='lat' dir='ltr'>et</span> <span class='ocrx_word' id='word_1_96' title='bbox 842 1471 955 1538; x_wconf 78' lang='lat' dir='ltr'>Graeci</span> <span class='ocrx_word' id='word_1_97' title='bbox 977 1478 1102 1538; x_wconf 83' lang='lat' dir='ltr'>ueteres</span> 
     </span>
     <span class='ocr_line' id='line_1_16' title="bbox 79 1562 1106 1648; baseline -0.002 -20"><span class='ocrx_word' id='word_1_98' title='bbox 79 1567 115 1628; x_wconf 87' lang='lat' dir='ltr'>et</span> <span class='ocrx_word' id='word_1_99' title='bbox 138 1562 277 1627; x_wconf 85' lang='lat' dir='ltr'>Romani</span> <span class='ocrx_word' id='word_1_100' title='bbox 304 1563 436 1627; x_wconf 87' lang='lat' dir='ltr'>anulum</span> <span class='ocrx_word' id='word_1_101' title='bbox 464 1563 527 1627; x_wconf 87' lang='lat' dir='ltr'>hoo</span> <span class='ocrx_word' id='word_1_102' title='bbox 554 1563 656 1648; x_wconf 81' lang='lat' dir='ltr'>digito</span> <span class='ocrx_word' id='word_1_103' title='bbox 681 1564 889 1648; x_wconf 81' lang='lat' dir='ltr'>gestaverint,</span> <span class='ocrx_word' id='word_1_104' title='bbox 917 1562 974 1647; x_wconf 90' lang='lat' dir='ltr'>qui</span> <span class='ocrx_word' id='word_1_105' title='bbox 997 1567 1046 1626; x_wconf 89' lang='lat' dir='ltr'>est</span> <span class='ocrx_word' id='word_1_106' title='bbox 1069 1562 1106 1627; x_wconf 91' lang='lat' dir='ltr'>in</span> 
     </span>
     <span class='ocr_line' id='line_1_17' title="bbox 80 1651 690 1736; baseline -0.002 -20"><span class='ocrx_word' id='word_1_107' title='bbox 80 1673 180 1716; x_wconf 89' lang='lat' dir='ltr'>manu</span> <span class='ocrx_word' id='word_1_108' title='bbox 203 1651 334 1717; x_wconf 89' lang='lat' dir='ltr'>sinistra</span> <span class='ocrx_word' id='word_1_109' title='bbox 356 1653 491 1717; x_wconf 89' lang='lat' dir='ltr'>minimo</span> <span class='ocrx_word' id='word_1_110' title='bbox 514 1654 690 1736; x_wconf 85' lang='lat' dir='ltr'>proximus.</span> 
     </span>
    </p>

    <p class='ocr_par' dir='ltr' id='par_1_8' title="bbox 79 1739 1105 2093">
     <span class='ocr_line' id='line_1_18' title="bbox 149 1739 1104 1827; baseline 0.001 -23"><span class='ocrx_word' id='word_1_111' title='bbox 149 1739 196 1804; x_wconf 88' lang='lat' dir='ltr'>XI</span> <span class='ocrx_word' id='word_1_112' title='bbox 223 1739 367 1806; x_wconf 83' lang='lat' dir='ltr'>Verbum</span> <span class='ocrx_word' id='word_1_113' title='bbox 392 1741 539 1806; x_wconf 72' lang='lat' dir='ltr'>‘mature’</span> <span class='ocrx_word' id='word_1_114' title='bbox 564 1743 642 1826; x_wconf 90' lang='lat' dir='ltr'>quid</span> <span class='ocrx_word' id='word_1_115' title='bbox 665 1742 825 1827; x_wconf 79' lang='lat' dir='ltr'>significet</span> <span class='ocrx_word' id='word_1_116' title='bbox 848 1763 996 1825; x_wconf 88' lang='lat' dir='ltr'>quaeque</span> <span class='ocrx_word' id='word_1_117' title='bbox 1013 1741 1104 1806; x_wconf 83' lang='lat' dir='ltr'>uoois</span> 
     </span>
     <span class='ocr_line' id='line_1_19' title="bbox 85 1831 1105 1917; baseline 0.001 -23"><span class='ocrx_word' id='word_1_118' title='bbox 85 1832 151 1895; x_wconf 88' lang='lat' dir='ltr'>eius</span> <span class='ocrx_word' id='word_1_119' title='bbox 178 1831 262 1894; x_wconf 89' lang='lat' dir='ltr'>ratio</span> <span class='ocrx_word' id='word_1_120' title='bbox 291 1832 346 1914; x_wconf 77' lang='lat' dir='ltr'>slt3</span> <span class='ocrx_word' id='word_1_121' title='bbox 374 1836 406 1896; x_wconf 89' lang='lat' dir='ltr'>et</span> <span class='ocrx_word' id='word_1_122' title='bbox 432 1832 518 1916; x_wconf 91' lang='lat' dir='ltr'>quod</span> <span class='ocrx_word' id='word_1_123' title='bbox 541 1852 579 1895; x_wconf 90' lang='lat' dir='ltr'>eo</span> <span class='ocrx_word' id='word_1_124' title='bbox 602 1831 701 1896; x_wconf 87' lang='lat' dir='ltr'>verbo</span> <span class='ocrx_word' id='word_1_125' title='bbox 724 1831 840 1917; x_wconf 81' lang='lat' dir='ltr'>uolgus</span> <span class='ocrx_word' id='word_1_126' title='bbox 863 1831 1033 1895; x_wconf 91' lang='lat' dir='ltr'>hominum</span> <span class='ocrx_word' id='word_1_127' title='bbox 1056 1832 1105 1895; x_wconf 88' lang='lat' dir='ltr'>in-</span> 
     </span>
     <span class='ocr_line' id='line_1_20' title="bbox 79 1919 1104 2004; baseline 0.004 -22"><span class='ocrx_word' id='word_1_128' title='bbox 79 1920 212 2004; x_wconf 88' lang='lat' dir='ltr'>proprie</span> <span class='ocrx_word' id='word_1_129' title='bbox 234 1923 357 2002; x_wconf 78' lang='lat' dir='ltr'>utatur3</span> <span class='ocrx_word' id='word_1_130' title='bbox 381 1925 477 2004; x_wconf 90' lang='lat' dir='ltr'>atque</span> <span class='ocrx_word' id='word_1_131' title='bbox 500 1920 591 2002; x_wconf 78' lang='lat' dir='ltr'>inibi,</span> <span class='ocrx_word' id='word_1_132' title='bbox 615 1921 701 2003; x_wconf 88' lang='lat' dir='ltr'>quod</span> <span class='ocrx_word' id='word_1_133' title='bbox 725 1919 886 2004; x_wconf 80' lang='lat' dir='ltr'>‘praecox&#39;</span> <span class='ocrx_word' id='word_1_134' title='bbox 907 1920 1104 1986; x_wconf 81' lang='lat' dir='ltr'>declinatum</span> 
     </span>
     <span class='ocr_line' id='line_1_21' title="bbox 81 2008 733 2093; baseline 0.002 -22"><span class='ocrx_word' id='word_1_135' title='bbox 81 2008 270 2093; x_wconf 75' lang='lat' dir='ltr'>‘praeconis&#39;</span> <span class='ocrx_word' id='word_1_136' title='bbox 293 2009 399 2091; x_wconf 82' lang='lat' dir='ltr'>faeiat,</span> <span class='ocrx_word' id='word_1_137' title='bbox 422 2030 489 2072; x_wconf 94' lang='lat' dir='ltr'>non</span> <span class='ocrx_word' id='word_1_138' title='bbox 512 2008 733 2093; x_wconf 65' lang='lat' dir='ltr'>praecoquis.</span> 
     </span>
    </p>

    <p class='ocr_par' dir='ltr' id='par_1_9' title="bbox 79 2095 1104 2340">
     <span class='ocr_line' id='line_1_22' title="bbox 149 2095 1103 2181; baseline 0 -21"><span class='ocrx_word' id='word_1_139' title='bbox 149 2095 212 2160; x_wconf 90' lang='lat' dir='ltr'>XII</span> <span class='ocrx_word' id='word_1_140' title='bbox 234 2097 284 2161; x_wconf 88' lang='lat' dir='ltr'>De</span> <span class='ocrx_word' id='word_1_141' title='bbox 302 2099 460 2181; x_wconf 88' lang='lat' dir='ltr'>portentis</span> <span class='ocrx_word' id='word_1_142' title='bbox 479 2097 671 2180; x_wconf 81' lang='lat' dir='ltr'>fabularum,</span> <span class='ocrx_word' id='word_1_143' title='bbox 691 2119 772 2181; x_wconf 90' lang='lat' dir='ltr'>quae</span> <span class='ocrx_word' id='word_1_144' title='bbox 790 2097 916 2161; x_wconf 83' lang='lat' dir='ltr'>Plinius</span> <span class='ocrx_word' id='word_1_145' title='bbox 936 2095 1103 2161; x_wconf 87' lang='lat' dir='ltr'>Seoundus</span> 
     </span>
     <span class='ocr_line' id='line_1_23' title="bbox 80 2185 1104 2272; baseline 0 -22"><span class='ocrx_word' id='word_1_146' title='bbox 80 2186 306 2272; x_wconf 86' lang='lat' dir='ltr'>indignissime</span> <span class='ocrx_word' id='word_1_147' title='bbox 333 2187 368 2249; x_wconf 92' lang='lat' dir='ltr'>in</span> <span class='ocrx_word' id='word_1_148' title='bbox 395 2186 617 2251; x_wconf 77' lang='lat' dir='ltr'>Democritum</span> <span class='ocrx_word' id='word_1_149' title='bbox 644 2185 876 2270; x_wconf 90' lang='lat' dir='ltr'>philosophum</span> <span class='ocrx_word' id='word_1_150' title='bbox 905 2186 1041 2269; x_wconf 81' lang='lat' dir='ltr'>eonfert3</span> <span class='ocrx_word' id='word_1_151' title='bbox 1070 2190 1104 2250; x_wconf 89' lang='lat' dir='ltr'>et</span> 
     </span>
     <span class='ocr_line' id='line_1_24' title="bbox 79 2274 806 2340; baseline -0.003 -1"><span class='ocrx_word' id='word_1_152' title='bbox 79 2275 203 2339; x_wconf 91' lang='lat' dir='ltr'>ibidem</span> <span class='ocrx_word' id='word_1_153' title='bbox 227 2277 265 2339; x_wconf 93' lang='lat' dir='ltr'>de</span> <span class='ocrx_word' id='word_1_154' title='bbox 289 2275 460 2339; x_wconf 85' lang='lat' dir='ltr'>simulaoro</span> <span class='ocrx_word' id='word_1_155' title='bbox 483 2276 607 2340; x_wconf 86' lang='lat' dir='ltr'>volueri</span> <span class='ocrx_word' id='word_1_156' title='bbox 630 2274 806 2340; x_wconf 83' lang='lat' dir='ltr'>columbae.</span> 
     </span>
    </p>

    <p class='ocr_par' dir='ltr' id='par_1_10' title="bbox 79 2362 1103 2517">
     <span class='ocr_line' id='line_1_25' title="bbox 148 2362 1103 2448; baseline -0.001 -21"><span class='ocrx_word' id='word_1_157' title='bbox 148 2362 228 2427; x_wconf 86' lang='lat' dir='ltr'>XIII</span> <span class='ocrx_word' id='word_1_158' title='bbox 261 2362 354 2428; x_wconf 75' lang='lat' dir='ltr'>‘Cum</span> <span class='ocrx_word' id='word_1_159' title='bbox 381 2364 499 2448; x_wconf 84' lang='lat' dir='ltr'>partim</span> <span class='ocrx_word' id='word_1_160' title='bbox 526 2364 706 2428; x_wconf 92' lang='lat' dir='ltr'>hominum&#39;</span> <span class='ocrx_word' id='word_1_161' title='bbox 736 2385 799 2447; x_wconf 91' lang='lat' dir='ltr'>qua</span> <span class='ocrx_word' id='word_1_162' title='bbox 826 2364 951 2427; x_wconf 89' lang='lat' dir='ltr'>ratione</span> <span class='ocrx_word' id='word_1_163' title='bbox 977 2366 1103 2427; x_wconf 83' lang='lat' dir='ltr'>ueteres</span> 
     </span>
     <span class='ocr_line' id='line_1_26' title="bbox 79 2453 232 2517; baseline 0 0"><span class='ocrx_word' id='word_1_164' title='bbox 79 2453 232 2517; x_wconf 87' lang='lat' dir='ltr'>dixerint.</span> 
     </span>
    </p>

    <p class='ocr_par' dir='ltr' id='par_1_11' title="bbox 78 2540 1101 2696">
     <span class='ocr_line' id='line_1_27' title="bbox 148 2540 1101 2626; baseline -0.002 -19"><span class='ocrx_word' id='word_1_165' title='bbox 148 2540 227 2607; x_wconf 87' lang='lat' dir='ltr'>XIV</span> <span class='ocrx_word' id='word_1_166' title='bbox 264 2540 396 2605; x_wconf 75' lang='lat' dir='ltr'>‘iniuria</span> <span class='ocrx_word' id='word_1_167' title='bbox 431 2542 511 2606; x_wconf 90' lang='lat' dir='ltr'>mihi</span> <span class='ocrx_word' id='word_1_168' title='bbox 543 2543 665 2607; x_wconf 82' lang='lat' dir='ltr'>factum</span> <span class='ocrx_word' id='word_1_169' title='bbox 697 2542 773 2606; x_wconf 86' lang='lat' dir='ltr'>itur’</span> <span class='ocrx_word' id='word_1_170' title='bbox 808 2540 896 2626; x_wconf 86' lang='lat' dir='ltr'>quali</span> <span class='ocrx_word' id='word_1_171' title='bbox 928 2542 1101 2606; x_wconf 83' lang='lat' dir='ltr'>verborum</span> 
     </span>
     <span class='ocr_line' id='line_1_28' title="bbox 78 2629 446 2696; baseline -0.003 -1"><span class='ocrx_word' id='word_1_172' title='bbox 78 2631 194 2696; x_wconf 92' lang='lat' dir='ltr'>ordine</span> <span class='ocrx_word' id='word_1_173' title='bbox 218 2629 297 2695; x_wconf 77' lang='lat' dir='ltr'>(lato</span> <span class='ocrx_word' id='word_1_174' title='bbox 321 2632 446 2695; x_wconf 86' lang='lat' dir='ltr'>dixerit.</span> 
     </span>
    </p>

    <p class='ocr_par' dir='ltr' id='par_1_12' title="bbox 76 2718 1105 3051">
     <span class='ocr_line' id='line_1_29' title="bbox 147 2718 1105 2804; baseline 0.001 -21"><span class='ocrx_word' id='word_1_175' title='bbox 147 2718 210 2783; x_wconf 91' lang='lat' dir='ltr'>XV</span> <span class='ocrx_word' id='word_1_176' title='bbox 232 2720 281 2785; x_wconf 90' lang='lat' dir='ltr'>De</span> <span class='ocrx_word' id='word_1_177' title='bbox 300 2721 440 2784; x_wconf 89' lang='lat' dir='ltr'>flaminis</span> <span class='ocrx_word' id='word_1_178' title='bbox 454 2720 557 2785; x_wconf 92' lang='lat' dir='ltr'>Dialis</span> <span class='ocrx_word' id='word_1_179' title='bbox 574 2721 677 2804; x_wconf 90' lang='lat' dir='ltr'>deque</span> <span class='ocrx_word' id='word_1_180' title='bbox 691 2719 871 2785; x_wconf 81' lang='lat' dir='ltr'>flaminicae</span> <span class='ocrx_word' id='word_1_181' title='bbox 886 2720 1105 2803; x_wconf 79' lang='lat' dir='ltr'>caerimoniis3</span> 
     </span>
     <span class='ocr_line' id='line_1_30' title="bbox 76 2809 1103 2893; baseline 0 -21"><span class='ocrx_word' id='word_1_182' title='bbox 76 2809 241 2893; x_wconf 82' lang='lat' dir='ltr'>verbaque</span> <span class='ocrx_word' id='word_1_183' title='bbox 263 2831 302 2872; x_wconf 83' lang='lat' dir='ltr'>ex</span> <span class='ocrx_word' id='word_1_184' title='bbox 322 2810 426 2874; x_wconf 83' lang='lat' dir='ltr'>edicto</span> <span class='ocrx_word' id='word_1_185' title='bbox 445 2811 602 2893; x_wconf 82' lang='lat' dir='ltr'>praetoris</span> <span class='ocrx_word' id='word_1_186' title='bbox 622 2811 779 2893; x_wconf 83' lang='lat' dir='ltr'>apposita,</span> <span class='ocrx_word' id='word_1_187' title='bbox 803 2809 920 2893; x_wconf 87' lang='lat' dir='ltr'>quibus</span> <span class='ocrx_word' id='word_1_188' title='bbox 940 2809 1017 2873; x_wconf 87' lang='lat' dir='ltr'>dioit</span> <span class='ocrx_word' id='word_1_189' title='bbox 1035 2831 1103 2873; x_wconf 93' lang='lat' dir='ltr'>non</span> 
     </span>
     <span class='ocr_line' id='line_1_31' title="bbox 78 2896 1101 3051; baseline -0.001 -89"><span class='ocrx_word' id='word_1_190' title='bbox 78 2902 266 3051; x_wconf 63' lang='lat' dir='ltr'>ppapturum</span> <span class='ocrx_word' id='word_1_191' title='bbox 286 2920 320 2963; x_wconf 90' lang='lat' dir='ltr'>se</span> <span class='ocrx_word' id='word_1_192' title='bbox 339 2900 379 2962; x_wconf 90' lang='lat' dir='ltr'>ad</span> <span class='ocrx_word' id='word_1_193' title='bbox 397 2900 567 2963; x_wconf 88' lang='lat' dir='ltr'>iurandum</span> <span class='ocrx_word' id='word_1_194' title='bbox 585 2919 690 2981; x_wconf 89' lang='lat' dir='ltr'>neque</span> <span class='ocrx_word' id='word_1_195' title='bbox 708 2898 849 2984; x_wconf 83' lang='lat' dir='ltr'>virgines</span> <span class='ocrx_word' id='word_1_196' title='bbox 864 2896 983 2962; x_wconf 90' lang='lat' dir='ltr'>Vestae</span> <span class='ocrx_word' id='word_1_197' title='bbox 996 2919 1101 2981; x_wconf 89' lang='lat' dir='ltr'>neque</span> 
     </span>
    </p>

    <p class='ocr_par' dir='ltr' id='par_1_13' title="bbox 113 3008 217 3051">
     <span class='ocr_line' id='line_1_32' title="bbox 113 3008 217 3051; baseline 0 -1"><span class='ocrx_word' id='word_1_198' title='bbox 113 3008 144 3050; x_wconf 85' lang='lat' dir='ltr'>ia</span> <span class='ocrx_word' id='word_1_199' title='bbox 158 3009 217 3051; x_wconf 89' lang='lat' dir='ltr'>em.</span> 
     </span>
    </p>

    <p class='ocr_par' dir='ltr' id='par_1_14' title="bbox 78 3074 1102 3231">
     <span class='ocr_line' id='line_1_33' title="bbox 147 3074 1102 3162; baseline -0.001 -22"><span class='ocrx_word' id='word_1_200' title='bbox 147 3074 226 3140; x_wconf 90' lang='lat' dir='ltr'>XVI</span> <span class='ocrx_word' id='word_1_201' title='bbox 254 3074 341 3151; x_wconf 85' lang='lat' dir='ltr'>Quos</span> <span class='ocrx_word' id='word_1_202' title='bbox 365 3099 487 3142; x_wconf 84' lang='lat' dir='ltr'>errores</span> <span class='ocrx_word' id='word_1_203' title='bbox 505 3076 608 3141; x_wconf 89' lang='lat' dir='ltr'>Iulius</span> <span class='ocrx_word' id='word_1_204' title='bbox 627 3075 779 3162; x_wconf 86' lang='lat' dir='ltr'>Hyginus</span> <span class='ocrx_word' id='word_1_205' title='bbox 798 3076 833 3139; x_wconf 92' lang='lat' dir='ltr'>in</span> <span class='ocrx_word' id='word_1_206' title='bbox 851 3080 942 3140; x_wconf 84' lang='lat' dir='ltr'>sexto</span> <span class='ocrx_word' id='word_1_207' title='bbox 962 3074 1102 3162; x_wconf 84' lang='lat' dir='ltr'>Vergilii</span> 
     </span>
     <span class='ocr_line' id='line_1_34' title="bbox 78 3165 879 3231; baseline 0 -3"><span class='ocrx_word' id='word_1_208' title='bbox 78 3165 342 3230; x_wconf 81' lang='lat' dir='ltr'>animaduerterit</span> <span class='ocrx_word' id='word_1_209' title='bbox 364 3167 399 3229; x_wconf 87' lang='lat' dir='ltr'>in</span> <span class='ocrx_word' id='word_1_210' title='bbox 421 3166 568 3231; x_wconf 84' lang='lat' dir='ltr'>Romana</span> <span class='ocrx_word' id='word_1_211' title='bbox 588 3165 726 3230; x_wconf 86' lang='lat' dir='ltr'>historia</span> <span class='ocrx_word' id='word_1_212' title='bbox 749 3169 879 3229; x_wconf 87' lang='lat' dir='ltr'>erratos.</span> 
     </span>
    </p>

    <p class='ocr_par' dir='ltr' id='par_1_15' title="bbox 78 3252 1129 3517">
     <span class='ocr_line' id='line_1_35' title="bbox 148 3252 1102 3338; baseline 0 -21"><span class='ocrx_word' id='word_1_213' title='bbox 148 3252 242 3318; x_wconf 90' lang='lat' dir='ltr'>XVII</span> <span class='ocrx_word' id='word_1_214' title='bbox 269 3253 372 3330; x_wconf 84' lang='lat' dir='ltr'>Quam</span> <span class='ocrx_word' id='word_1_215' title='bbox 396 3255 437 3319; x_wconf 94' lang='lat' dir='ltr'>ob</span> <span class='ocrx_word' id='word_1_216' title='bbox 462 3277 591 3320; x_wconf 85' lang='lat' dir='ltr'>oausam</span> <span class='ocrx_word' id='word_1_217' title='bbox 615 3258 647 3318; x_wconf 90' lang='lat' dir='ltr'>et</span> <span class='ocrx_word' id='word_1_218' title='bbox 670 3253 759 3338; x_wconf 91' lang='lat' dir='ltr'>quali</span> <span class='ocrx_word' id='word_1_219' title='bbox 780 3255 877 3318; x_wconf 91' lang='lat' dir='ltr'>modo</span> <span class='ocrx_word' id='word_1_220' title='bbox 896 3253 1102 3318; x_wconf 75' lang='lat' dir='ltr'>Democritus</span> 
     </span>
     <span class='ocr_line' id='line_1_36' title="bbox 78 3341 1105 3427; baseline 0.001 -23"><span class='ocrx_word' id='word_1_221' title='bbox 78 3341 295 3426; x_wconf 87' lang='lat' dir='ltr'>philosophus</span> <span class='ocrx_word' id='word_1_222' title='bbox 309 3343 487 3409; x_wconf 90' lang='lat' dir='ltr'>luminibus</span> <span class='ocrx_word' id='word_1_223' title='bbox 503 3345 669 3409; x_wconf 88' lang='lat' dir='ltr'>ooulorum</span> <span class='ocrx_word' id='word_1_224' title='bbox 685 3365 753 3408; x_wconf 90' lang='lat' dir='ltr'>sese</span> <span class='ocrx_word' id='word_1_225' title='bbox 763 3344 950 3427; x_wconf 79' lang='lat' dir='ltr'>privaverit3</span> <span class='ocrx_word' id='word_1_226' title='bbox 964 3346 996 3406; x_wconf 91' lang='lat' dir='ltr'>et</span> <span class='ocrx_word' id='word_1_227' title='bbox 1005 3363 1105 3425; x_wconf 90' lang='lat' dir='ltr'>super</span> 
     </span>
     <span class='ocr_line' id='line_1_37' title="bbox 78 3428 1129 3517; baseline -0.007 -23"><span class='ocrx_word' id='word_1_228' title='bbox 78 3453 118 3495; x_wconf 89' lang='lat' dir='ltr'>ea</span> <span class='ocrx_word' id='word_1_229' title='bbox 144 3454 179 3495; x_wconf 87' lang='lat' dir='ltr'>re</span> <span class='ocrx_word' id='word_1_230' title='bbox 206 3454 317 3496; x_wconf 81' lang='lat' dir='ltr'>uersus</span> <span class='ocrx_word' id='word_1_231' title='bbox 340 3431 468 3497; x_wconf 88' lang='lat' dir='ltr'>Laberii</span> <span class='ocrx_word' id='word_1_232' title='bbox 495 3455 575 3517; x_wconf 90' lang='lat' dir='ltr'>pure</span> <span class='ocrx_word' id='word_1_233' title='bbox 603 3434 780 3498; x_wconf 86' lang='lat' dir='ltr'>admodum</span> <span class='ocrx_word' id='word_1_234' title='bbox 806 3436 842 3496; x_wconf 83' lang='lat' dir='ltr'>et</span> <span class='ocrx_word' id='word_1_235' title='bbox 859 3434 1007 3494; x_wconf 62' lang='lat' dir='ltr'>uenuste</span> <span class='ocrx_word' id='word_1_236' title='bbox 1024 3428 1129 3486; x_wconf 51' lang='lat' dir='ltr'>{antix-</span> 
     </span>
    </p>
   </div>
   <div class='ocr_carea' id='block_1_3' title="bbox 148 3509 1162 3611">
    <p class='ocr_par' dir='ltr' id='par_1_16' title="bbox 148 3509 1162 3611">
     <span class='ocr_line' id='line_1_38' title="bbox 148 3509 1162 3611; baseline -0.011 -28"><span class='ocrx_word' id='word_1_237' title='bbox 148 3518 260 3585; x_wconf 90' lang='lat' dir='ltr'>XVIII</span> <span class='ocrx_word' id='word_1_238' title='bbox 287 3519 433 3588; x_wconf 90' lang='lat' dir='ltr'>Historia</span> <span class='ocrx_word' id='word_1_239' title='bbox 457 3523 496 3590; x_wconf 90' lang='lat' dir='ltr'>de</span> <span class='ocrx_word' id='word_1_240' title='bbox 520 3521 722 3611; x_wconf 67' lang='lat' dir='ltr'>Artemisia3</span> <span class='ocrx_word' id='word_1_241' title='bbox 744 3523 857 3608; x_wconf 59' lang='lat' dir='ltr'>deque</span> <span class='ocrx_word' id='word_1_242' title='bbox 880 3539 925 3582; x_wconf 83' lang='lat' dir='ltr'>eo</span> <span class='ocrx_word' id='word_1_243' title='bbox 948 3509 1162 3578; x_wconf 49' lang='lat' dir='ltr'>aemam,</span> 
     </span>
    </p>
   </div>
   <div class='ocr_carea' id='block_1_4' title="bbox 0 0 1234 3848">
    <p class='ocr_par' dir='ltr' id='par_1_17' title="bbox 0 0 1234 3848">
     <span class='ocr_line' id='line_1_39' title="bbox 0 0 1234 3848; baseline 0 1"><span class='ocrx_word' id='word_1_244' title='bbox 0 0 1234 3848; x_wconf 95' lang='lat' dir='ltr'> </span> 
     </span>
    </p>
   </div>
  </div>
 </body>
</html>
