2460 3848
494 860 536 932 A.
565 859 727 931 GELLII

65 1025 312 1112 NOCTIVM
343 1021 656 1109 ATTIOARVM
687 1025 854 1108 LIBER
887 1022 1153 1112 SECVNDVS

601 1331 618 1397 I

101 1453 162 1518 Quo
181 1467 283 1521 genere
302 1453 401 1507 solitus
416 1453 454 1506 sit
466 1454 650 1523 philosophus
665 1454 792 1508 Socrates
807 1470 935 1508 exercere
948 1453 1119 1523 patientiam

137 1525 273 1593 corporis3
293 1525 384 1593 deque
402 1525 528 1580 eiusdem
546 1526 599 1581 viri
617 1526 814 1595 temperantia.

166 1649 255 1716 Inter
286 1653 412 1718 labores
439 1655 639 1718 voluntarios
668 1658 700 1717 ct
727 1655 878 1718 exercitia
906 1654 1049 1738 corporis
1078 1653 1142 1718 adl

73 1742 249 1807 sfortuites
272 1743 446 1825 patientiae
464 1744 549 1807 vices
568 1743 718 1807 firmandi
736 1745 769 1807 id
788 1765 916 1826 quoque
935 1744 1117 1826 accepimus

100 1828 285 1894 Socraten
315 1831 420 1895 facore
452 1833 640 1896 insuevisse:
673 1835 758 1896 stare
790 1833 904 1896 solitus
938 1830 1143 1896 Socratesa

100 1918 216 1983 dicitur
240 1920 398 2003 pertinaci
421 1923 506 1983 statu
530 1922 659 2003 perdius
684 1924 780 2002 atque
802 1940 924 2003 pernox
948 1942 966 1982 a
990 1941 1116 1983 summo

98 2007 180 2070 lucis
207 2011 280 2070 ortu
304 2006 344 2070 ad
367 2007 468 2070 solem
492 2007 628 2071 alterum
653 2009 808 2071 orientem
831 2009 1031 2088 inconivens,
1058 2008 1118 2069 im-

99 2095 238 2174 mobilis,
261 2095 363 2157 isdem
387 2095 421 2155 in
443 2096 587 2178 vestigiis
612 2097 644 2157 et
667 2115 721 2158 ore
745 2099 841 2176 etque
860 2094 961 2157 oculis
980 2095 1117 2157 eundem

59 2209 85 2248 ιο
100 2184 134 2243 in
158 2183 267 2243 locum
295 2181 424 2244 directis
452 2181 687 2265 cogitabundus
714 2186 879 2264 tamquam
908 2183 1046 2264 quodam
1070 2203 1117 2245 se-

101 2290 191 2332 cessu
215 2269 331 2331 mentis
356 2272 452 2350 etque
475 2270 574 2333 animi
596 2270 682 2333 facto
705 2293 723 2334 a
743 2290 883 2354 corpore.
926 2268 1029 2345 Quem
1048 2287 1143 2334 reme

101 2378 174 2420 cum
197 2355 410 2420 Favorinus
438 2358 476 2421 de
503 2358 693 2422 fortitudine
720 2359 788 2422 eius
816 2359 878 2422 viri
904 2363 941 2423 ut
964 2358 1117 2442 pleraque

100 2447 258 2509 disserens
292 2446 452 2530 attigisset
481 2447 536 2529 (sc.
562 2451 603 2510 66
622 2446 721 2531 Mc.):
754 2447 912 2523 πολλάκις
944 2449 1050 2529 inquit
1082 2444 1115 2523 ἐξ

100 2535 199 2618 ἡλίου
226 2535 272 2609 εἰς
295 2534 391 2616 ἥλιον
415 2536 557 2618 εἱστήκει
581 2535 839 2619 ἄστραβέστερος
862 2547 929 2600 τῶν
951 2534 1116 2620 πρέμνων.

58 2650 84 2690 15
166 2623 391 2707 Temperantia
414 2645 543 2706 quoque
564 2624 664 2688 fuisse
685 2647 758 2688 eum
777 2629 867 2689 tanta
885 2624 1039 2689 traditum
1059 2629 1143 2706 este

98 2716 135 2775 ut
163 2713 272 2775 omnia
296 2713 362 2776 fere
385 2713 470 2776 vitae
493 2735 569 2777 suae
590 2717 738 2797 tempora
760 2714 936 2777 valitudine
959 2713 1117 2777 inoffensa

97 2801 222 2864 vixerit.
268 2798 307 2864 In
329 2801 417 2864 illius
441 2803 538 2865 etiam
562 2804 764 2885 pestilentiae
786 2803 949 2884 vastitate,
977 2823 1059 2884 quae
1082 2802 1142 2866 ins

170 2997 255 3060 6sqq.
280 2991 362 3045 Plato
381 3010 469 3062 symp.
486 3010 508 3047 c.
524 2999 540 3045 3
559 3011 586 3062 p.
603 2999 718 3061 174sq.;
738 2999 771 3046 36
785 3011 813 3061 p.
829 2999 881 3047 220
997 2999 1012 3044 7
1030 2992 1114 3062 Apul.

96 3080 133 3115 rn.
142 3062 167 3114 V
176 3062 288 3115 6Amm.
297 3062 443 3129 xxxiee
455 3063 557 3131 Symm.
566 3064 579 3116 I
587 3069 629 3129 53,
639 3071 653 3117 1
664 3064 747 3118 Mart.
756 3063 822 3133 Cap.
830 3064 856 3116 Π
864 3070 914 3117 124
996 3069 1012 3116 8
1023 3063 1113 3117 Amm.

96 3133 188 3256 {XLII
202 3138 304 3267 ἓξὲξ
320 3209 337 3256 4
387 3140 419 3187 17
430 3151 489 3202 sqq.
505 3136 586 3204 Diog.
602 3135 631 3188 L.
647 3135 673 3187 11
682 3142 707 3203 ὃ,
718 3141 733 3188 9
744 3137 800 3205 (25)
813 3135 922 3189 Aelian.
933 3135 960 3188 h.
971 3153 996 3188 v.
1007 3134 1071 3187 XIII
1080 3140 1114 3187 27

99 3452 137 3505 M
170 3387 185 3433 3
213 3380 451 3451 temperantia];
478 3380 622 3450 pacientia
641 3402 662 3435 ω
689 3382 868 3451 parcimonia
886 3382 996 3446 Geta
1015 3381 1133 3429 'mem

135 3467 210 3505 erres
