2460 3848
584 440 615 504 X

92 562 167 628 Quid
186 563 243 615 sint
260 561 367 616 favisae
382 561 571 630 Capitolinam
591 565 621 616 et
639 563 708 631 quid
723 579 807 632 super
820 578 853 616 6ο
867 563 952 617 verbo
966 564 1002 616 M.
1018 563 1107 617 Varro

129 633 224 687 Servio
244 633 367 701 Sulpicio
386 635 534 703 quaerenti
552 634 735 702 rescripserit.

161 758 315 825 Servius
340 758 553 844 Sulpicius,
575 761 654 824 iuris
679 761 781 824 civilis
805 765 930 843 auctor,
953 763 1003 824 vir
1026 762 1133 825 benet

66 878 78 917 5
93 847 262 932 litteratus,
276 851 405 933 scripsit
419 850 463 931 (p.
472 855 536 914 140
545 849 618 932 Ba.)
632 849 673 912 ad
686 848 729 911 M.
744 848 954 912 Varronem
968 851 1109 934 rogavit-

94 959 168 1021 que,
191 943 228 1002 ut
252 939 450 1021 rescriberet,
474 938 552 1021 quid
575 938 771 1023 sigmficaret
793 939 937 1020 verbum,
961 940 1047 1020 quod
1070 940 1109 1002 in

94 1028 263 1091 censoris
302 1027 416 1091 libris
454 1029 609 1110 scriptum
647 1029 738 1090 esset.
796 1023 834 1088 Id
871 1029 938 1090 erat
974 1027 1108 1091 verbum

94 1115 224 1180 ‘favisae
243 1114 464 1198 Capitolinae’.
506 1114 627 1178 Varro
646 1114 690 1197 (p.
705 1120 767 1178 199
781 1114 872 1197 Rip.)
892 1114 1056 1198 rescripsit
1074 1117 1134 1179 ina

92 1206 248 1268 memoria
271 1205 334 1267 sibi
357 1225 435 1285 esse,
459 1203 545 1286 quod
564 1202 601 1279 Q.
617 1201 749 1266 Catulus
774 1206 902 1266 curator
918 1204 1109 1267 restituendi

52 1321 78 1361 ιο
93 1291 247 1376 Capitolii
280 1292 413 1355 dixisset
444 1292 585 1355 voluisse
618 1312 651 1355 se
679 1313 785 1354 aream
814 1289 1030 1373 Capitolinam
1058 1293 1109 1355 de

92 1382 241 1463 primere,
263 1383 301 1442 ut
323 1379 470 1462 pluribus
492 1379 644 1464 gradibus
663 1379 697 1442 in
716 1380 826 1443 aedem
845 1380 1110 1442 conscenderetur

94 1472 329 1552 suggestusque
352 1489 410 1549 pro
434 1468 558 1553 fastigii
576 1468 798 1553 magnitudine
817 1468 914 1531 altior
931 1468 1031 1549 fieret,
1055 1468 1110 1531 sed

93 1556 198 1620 facere
229 1557 262 1618 id
293 1578 360 1624 non
387 1557 507 1640 quisse,
540 1559 692 1639 quomam
721 1557 863 1621 ‘favisae'
892 1557 1108 1640 impedissent.

92 1642 130 1707 Id
154 1666 222 1708 esse
246 1645 342 1708 cellas
367 1647 520 1728 quasdam
544 1650 576 1710 et
599 1647 765 1731 cisternas,
791 1647 930 1728 quaein
953 1667 1026 1709 area
1049 1646 1137 1709 suba

53 1761 78 1801 15
92 1737 177 1797 terra
200 1737 314 1819 essent,
337 1735 395 1798 ubi
416 1735 530 1818 reponi
553 1736 692 1800 solerent
715 1737 807 1820 signa
829 1739 946 1817 vetera,
970 1756 1052 1817 quae
1070 1756 1110 1798 ex

93 1844 131 1885 eo
155 1823 276 1905 templo
301 1823 444 1908 collapsa
467 1828 581 1907 essent,
604 1828 637 1888 et
659 1825 723 1888 alia
746 1825 902 1906 quaedam
922 1824 1110 1908 religiosae

93 1911 185 1974 donis
214 1914 415 1976 consecratis.
461 1911 510 1976 Ac
533 1914 648 1977 deinde
670 1913 797 1976 eadem
821 1914 991 1995 epistula
1013 1917 1111 1997 negat

95 2000 224 2081 quidem
244 2022 277 2063 se
295 2001 330 2063 in
348 2001 464 2064 litteris
484 2002 652 2083 invemsse,
676 2022 732 2064 cur
752 2001 894 2064 ‘favisae'
915 2002 1017 2064 dictae
1037 2003 1111 2082 sint,

94 2088 149 2151 sed
173 2085 208 2162 Q.
228 2087 426 2151 Valerium
451 2087 636 2152 Soranum
660 2089 791 2152 solitum
816 2090 919 2153 dicere
943 2091 1000 2169 ait,
1029 2111 1110 2171 quos

54 2201 80 2240 ro
95 2174 285 2238 ‘thesauros’
303 2173 424 2239 Graeco
438 2179 569 2240 nomine
583 2176 827 2259 appellaremus,
840 2178 964 2258 priscos
977 2176 1110 2239 Latinos

96 2261 246 2326 ‘flavisas’
271 2262 398 2344 dixisse,
422 2265 507 2345 quod
531 2266 565 2327 in
588 2286 642 2328 eos
665 2286 732 2328 non
753 2265 832 2327 rude
855 2287 907 2328 aes
930 2269 1111 2348 argentum-

95 2372 166 2432 que,
190 2351 245 2414 sed
267 2351 344 2414 flata
368 2353 557 2436 signataque
580 2354 716 2436 pecunia
740 2353 936 2416 conderetur.
981 2350 1138 2416 (lonico-4

93 2444 163 2502 tare
190 2440 291 2524 igitur
319 2461 352 2503 se
380 2441 554 2504 detractam
582 2463 651 2505 esse
679 2463 719 2505 ex
746 2462 784 2504 eo
812 2442 910 2505 verbo
939 2442 1110 2505 secundam

94 2529 236 2591 litteram
255 2533 287 2592 et
307 2529 447 2593 ‘favisae’
464 2551 532 2593 esse
546 2531 647 2594 dictas
663 2529 758 2594 cellas
774 2530 928 2613 quasdam
943 2534 975 2594 et
989 2551 1112 2615 specus,

53 2645 79 2684 as
95 2617 212 2700 quibus
241 2617 360 2680 aeditui
386 2615 538 2701 Capitolii
560 2622 728 2682 uterentur
750 2620 790 2682 ad
814 2620 1037 2683 custodiendas
1059 2641 1111 2683 res

93 2711 216 2770 veteres
238 2705 414 2790 religiosas.

166 2938 252 3001 Ssqq.
272 2932 350 2986 Paul.
366 2952 393 3002 p.
409 2938 452 3000 88,
468 2934 573 2987 4Non.
588 2935 654 3003 Hp
671 2939 731 3000 112,
747 2939 780 2986 26
798 2933 962 3003 CGLV22
979 2941 1007 3003 13
1023 2939 1065 3002 68
1081 2940 1110 3002 6

95 3009 138 3070 oa,
153 3009 182 3070 e·
202 3009 263 3070 err
279 3009 312 3056 66
422 2977 454 3057 15'
475 3004 522 3058 ον
538 3008 602 3059 met
618 3005 709 3058 Xera
721 3023 780 3074 sqq
985 3032 987 3039 ·

167 3222 182 3269 9
203 3217 304 3270 catulis
318 3216 353 3268 V¹
367 3219 376 3285 11
392 3222 423 3269 11
444 3218 542 3271 aedem
557 3218 677 3273 Merctor
693 3219 792 3272 eadem
807 3239 828 3271 ω
844 3219 962 3272 eandem
977 3235 992 3271 s
1006 3220 1015 3287 11
1030 3222 1063 3270 16
1082 3220 1112 3270 66

95 3287 165 3358 alia]
190 3304 206 3347 ς
234 3288 305 3340 talia
331 3307 352 3338 ω
380 3287 493 3355 aliaque
516 3290 603 3343 Hertz
577 3289 771 3358 trlreligiose
795 3292 880 3358 (osse
907 3307 941 3344 ea
964 3289 1055 3342 -onise
1077 3290 1110 3355 R)

94 3359 177 3412 donis
196 3379 217 3411 ω
240 3375 308 3414 corr.
328 3357 444 3412 Salmas.
459 3361 468 3426 11
484 3364 515 3411 17
541 3362 808 3429 consecratarum
831 3359 1111 3428 66Π1Ρ1120166ιη6

89 3432 167 3503 plur.
182 3429 257 3485 codd.
273 3431 347 3484 Noa
363 3431 419 3496 1121
439 3444 486 3481 eas
502 3432 588 3499 61123
608 3431 736 3484 detracta
755 3433 969 3499 (arnamar
