2460 3848
555 192 568 244 I
587 197 633 259 133
655 196 687 245 14
1078 190 1126 255 69

118 357 278 421 sociorum
311 355 549 437 amicorumque
580 355 696 438 populi
720 353 872 436 Romani,
903 358 941 416 ut
967 355 1126 418 1111111111

119 445 253 527 duobus,
276 464 356 526 quos
378 445 464 527 apud
486 465 540 508 eos
563 445 703 526 uidisset,
725 447 797 507 uter
819 443 921 507 maior
939 446 1031 525 esset,
1046 464 1126 507 veum

119 534 312 597 mittendum
339 537 470 597 curaret.
520 531 602 596 Tum
630 532 783 617 magister
809 535 988 615 comperto,
1009 547 1170 614 quam-12

120 623 365 686 obrem-malum
379 623 579 704 desideraret,
596 643 670 705 non,
688 622 737 684 uti
751 623 855 685 iussus
870 624 947 703 erat,
965 621 1128 703 maiorem,

94 712 301 793 essequam
330 733 399 775 esse
425 712 528 796 magis
553 711 705 775 idoneum
733 711 954 793 aptioremque
981 710 1127 775 faciendo

120 800 212 863 arieti
229 800 468 882 facilioremque
486 803 615 882 portatu
630 799 852 882 existimabat,
861 800 1017 863 minorem
1031 799 1127 862 misit.

121 886 251 952 Crassus
278 910 350 953 eum
378 889 485 953 vocari
512 889 609 952 iussit·
632 891 678 970 et,
705 910 778 952 cum
805 889 1046 972 interrogasset,
1073 909 1129 952 our
1139 902 1172 950 13

120 999 193 1060 non,
216 999 309 1060 quem
329 979 473 1060 iusserat,
494 978 641 1059 misisset,
659 977 763 1041 causis
780 976 1032 1059 rationibusque,
1050 997 1128 1058 quas

119 1067 299 1149 dictitabat,
326 1067 442 1149 spretis
465 1067 654 1136 vestimenta
678 1064 801 1128 detrahi
824 1066 995 1147 imperavit
1017 1066 1129 1150 virgis-

78 1181 105 1221 11
119 1178 181 1238 que
208 1157 346 1243 multum
374 1155 488 1219 cecidit
516 1155 678 1236 corrumpi
705 1157 802 1236 atque
829 1154 961 1216 dissolvi
987 1154 1129 1218 officium

119 1250 221 1318 omne
236 1244 424 1326 imperantis
446 1246 544 1323 ratus,
567 1243 594 1304 si
617 1243 689 1322 quis
712 1242 752 1306 ad
774 1243 818 1323 id,
840 1242 926 1323 quod
944 1241 1048 1306 facere
1066 1243 1129 1305 ius-

119 1354 173 1396 sus
196 1336 258 1414 est,
280 1352 347 1394 non
370 1331 523 1412 obsequio
546 1330 663 1414 debito,
687 1330 742 1394 sed
764 1331 899 1394 oonsilio
921 1351 988 1393 non
1011 1330 1130 1393 deside-

119 1424 190 1484 rato
213 1419 411 1502 respondeat.

587 1575 665 1643 XIV

80 1713 106 1753 15
121 1697 195 1764 Quid
214 1698 316 1754 (11111111
333 1698 486 1770 feceritque
501 1699 528 1755 C.
543 1699 697 1768 Fabricius,
716 1716 821 1772 magna
839 1699 881 1753 vir
899 1699 991 1768 gloria
1007 1699 1131 1770 magnis-

153 1786 210 1840 que
232 1769 315 1824 rebus
335 1771 437 1842 ‘gestia
466 1773 515 1826 sed
534 1771 664 1826 ‘familiae
685 1772 879 1842 pecuniaeque
901 1771 996 1840 inops,
1020 1770 1132 1824 cumei

148 1841 295 1896 -Samnites
313 1843 458 1912 tamquam
476 1843 616 1914 indigenti
634 1859 720 1914 grave
739 1860 838 1898 aurum
857 1843 1002 1897 donarent.

186 1967 308 2034 Iulius
340 1968 516 2056 Hyginus
552 1973 591 2036 in
622 1972 722 2035 libro
755 1973 799 2035 de
830 1972 911 2035 vita
941 1970 1131 2052 rebusque
1159 1984 1173 2031 1

119 2059 342 2122 inlustrium
370 2061 538 2124 virorum
566 2064 674 2123 sexto
701 2060 756 2142 (fr.
780 2059 874 2142 31³.)
902 2061 1026 2142 legatos
1054 2059 1131 2122 dicit

80 2169 140 2210 soa
172 2143 369 2209 Samnitibus
400 2148 439 2210 ad
472 2146 505 2211 O.
533 2146 729 2229 Fabricium,
760 2148 986 2229 imperatorem
1019 2147 1132 2228 populi

121 2232 269 2315 Romani,
292 2235 416 2298 venisse
439 2239 471 2298 et
489 2236 673 2300 memoratis
692 2235 803 2298 multis
822 2235 1011 2318 magnisque
1029 2234 1133 2315 rebus,

123 2318 204 2403 quae
220 2321 303 2385 bene
321 2343 358 2386 ac
376 2323 523 2387 benivole
541 2327 615 2406 post
632 2323 789 2386 redditam
808 2344 920 2406 paoem
936 2319 1132 2386 Samnitibus

121 2409 262 2492 fecisset,
291 2410 444 2475 obtulisse
471 2412 554 2476 dono
583 2413 735 2497 grandem
763 2412 931 2494 pecuniam
956 2431 1134 2493 orasseque,

122 2499 171 2562 uti
203 2500 361 2587 acciperet
392 2504 611 2584 utereturque,
644 2495 740 2584 atque
771 2501 806 2564 id
835 2500 941 2565 facere
975 2497 1134 2564 Samnites

81 2612 107 2652 as
122 2588 249 2669 dixisse,
272 2589 358 2671 quod
380 2589 524 2654 viderent
547 2592 649 2654 multa
671 2591 712 2653 ad
735 2590 938 2672 splendorem
957 2590 1070 2653 domus
1088 2593 1134 2653 at-

122 2698 184 2760 que
211 2678 314 2742 vietus
340 2678 448 2742 defieri
471 2700 575 2762 neque
597 2701 656 2763 pro
680 2674 891 2762 amplitudine
915 2679 1134 2763 dignitateque

120 2767 246 2831 lautum
274 2772 421 2849 paratum
449 2790 524 2832 esse.
572 2767 654 2832 Tum
677 2767 860 2833 Fabricium
886 2770 1134 2851 planasmanus
1162 2783 1177 2830 1

196 2963 228 3012 18
239 2976 298 3028 sqq.
313 2958 375 3013 Val.
390 2960 463 3013 Max.
478 2960 518 3015 IV
532 2966 557 3028 3,
572 2966 588 3014 6
608 2960 681 3014 Serv.
697 2960 729 3013 A.
744 2960 783 3014 Vl
797 2965 849 3014 844
866 2959 1001 3030 (Frontis.
1016 2959 1054 3013 IV
1064 2964 1093 3027 d,
1108 2961 1134 3030 1)

122 3028 170 3083 cfr.
187 3027 240 3083 Oia.
257 3029 326 3084 cato
340 3030 403 3085 XVI
418 3036 451 3084 65
466 3033 501 3086 da
514 3048 545 3086 re
558 3031 635 3101 publ.
650 3032 689 3084 III
703 3036 746 3098 18,
760 3037 794 3085 31
807 3031 905 3100 parad.
916 3030 954 3084 Vl
964 3036 989 3098 1,
999 3035 1033 3083 48
1049 3029 1133 3084 schol.

122 3099 191 3154 Bob.
212 3101 249 3154 ad
268 3100 322 3155 oie.
337 3119 388 3171 pro
408 3101 486 3157 Sulla
505 3103 585 3157 Vlla
604 3102 667 3157 Val.
681 3102 754 3156 Max.
769 3102 808 3156 IV
822 3108 846 3168 3,
863 3107 878 3155 5
896 3101 968 3155 Plin.
983 3101 1047 3154 XIX
1061 3106 1085 3167 ὅ,
1101 3105 1135 3154 87

121 3171 194 3246 Ρ111.
206 3170 301 3226 (31111
312 3173 446 3241 apophth.
456 3174 531 3228 Man.
543 3174 605 3229 Cur.
616 3181 632 3228 1
643 3174 745 3228 Athen.
756 3174 781 3226 X
792 3179 824 3227 13
834 3192 861 3243 p.
872 3179 938 3227 419·
946 3171 1040 3226 Florl
1051 3177 1134 3238 13,11

121 3242 188 3295 Aur.
203 3242 276 3297 Viet.
291 3243 339 3297 vir.
355 3244 395 3297 ill.
411 3249 444 3298 33
463 3247 572 3315 Ampel.
588 3245 679 3300 XVIII
693 3251 709 3299 8

193 3425 210 3473 8
228 3436 282 3474 ma.
298 3439 324 3490 g.
344 3422 427 3490 (mag.
442 3423 473 3490 P)
487 3423 519 3477 G.
535 3444 556 3476 ω
570 3423 706 3494 magister
719 3421 889 3494 ἀρχιτέκτων
904 3424 976 3488 §²le
994 3419 1146 3487 1111111111·-

120 3491 193 3546 bant
209 3497 232 3544 v
245 3494 255 3560 ss
268 3497 285 3545 8
296 3492 435 3547 ¹iussisset
452 3500 475 3547 B
488 3498 499 3566 tt
512 3500 527 3548 9
547 3495 681 3550 dictabat
694 3495 797 3563 Rbtb
817 3509 860 3546 ora
873 3485 1122 3557 quasnam-ot
1135 3489 1175 3521 so

120 3562 143 3632 5
156 3560 194 3616 3?
203 3564 217 3631 1
229 3567 264 3614 27
273 3565 375 3634 patum
388 3569 411 3618 R
425 3570 622 3640 paratumque
638 3573 689 3622 Π
960 3600 963 3607 -
